% Encoding: UTF-8

@Article{Wagner1863,
  author       = {Wagner, E.},
  date         = {1863},
  journaltitle = {Arch Heilkd},
  title        = {Fall einer seltenen Muskelkrankheit},
  pages        = {282--283},
  volume       = {4},
}

@Article{Pottain1875,
  author       = {Pottain, P. C.},
  date         = {1875},
  journaltitle = {Bull Et Mem Hop Paris},
  title        = {Morve chronique de forme anormal},
  pages        = {314--318},
  volume       = {12},
  type         = {Journal Article},
}

@Article{Aggarwal2014,
  author       = {Aggarwal, R. and Bandos, A. and Reed, A. M. and Ascherman, D. P. and Barohn, R. J. and Feldman, B. M. and Miller, F. W. and Rider, L. G. and Harris-Love, M. O. and Levesque, M. C. and Group, R. I. M. Study and Oddis, C. V.},
  date         = {2014},
  journaltitle = {Arthritis Rheumatol},
  title        = {Predictors of clinical improvement in rituximab-treated refractory adult and juvenile dermatomyositis and adult polymyositis},
  doi          = {10.1002/art.38270},
  issn         = {2326-5205 (Electronic)
2326-5191 (Linking)},
  number       = {3},
  pages        = {740--9},
  url          = {https://www.ncbi.nlm.nih.gov/pubmed/24574235},
  volume       = {66},
  type         = {Journal Article},
}

@Article{Albayda2017,
  author       = {Albayda, J. and Pinal-Fernandez, I. and Huang, W. and Parks, C. and Paik, J. and Casciola-Rosen, L. and Danoff, S. K. and Johnson, C. and Christopher-Stine, L. and Mammen, A. L.},
  date         = {2017},
  journaltitle = {Arthritis Care Res (hoboken)},
  title        = {Antinuclear Matrix Protein 2 Autoantibodies and Edema, Muscle Disease, and Malignancy Risk in Dermatomyositis Patients},
  doi          = {10.1002/acr.23188},
  issn         = {2151-4658 (Electronic)
2151-464X (Linking)},
  number       = {11},
  pages        = {1771--1776},
  url          = {https://www.ncbi.nlm.nih.gov/pubmed/28085235},
  volume       = {69},
  type         = {Journal Article},
}

@Article{AlemoMunters2013,
  author       = {Alemo Munters, L. and Dastmalchi, M. and Andgren, V. and Emilson, C. and Bergegard, J. and Regardt, M. and Johansson, A. and Orefelt Tholander, I. and Hanna, B. and Liden, M. and Esbjornsson, M. and Alexanderson, H.},
  date         = {2013},
  journaltitle = {Arthritis Care Res (hoboken)},
  title        = {Improvement in health and possible reduction in disease activity using endurance exercise in patients with established polymyositis and dermatomyositis: a multicenter randomized controlled trial with a 1-year open extension followup},
  doi          = {10.1002/acr.22068},
  issn         = {2151-4658 (Electronic)
2151-464X (Linking)},
  number       = {12},
  pages        = {1959--68},
  url          = {https://www.ncbi.nlm.nih.gov/pubmed/23861241},
  volume       = {65},
  type         = {Journal Article},
}

@Article{Alexanderson2014,
  author       = {Alexanderson, H. and Munters, L. A. and Dastmalchi, M. and Loell, I. and Heimburger, M. and Opava, C. H. and Lundberg, I. E.},
  date         = {2014},
  journaltitle = {J Rheumatol},
  title        = {Resistive home exercise in patients with recent-onset polymyositis and dermatomyositis -- a randomized controlled single-blinded study with a 2-year followup},
  doi          = {10.3899/jrheum.131145},
  issn         = {0315-162X (Print)
0315-162X (Linking)},
  number       = {6},
  pages        = {1124--32},
  url          = {https://www.ncbi.nlm.nih.gov/pubmed/24786930},
  volume       = {41},
  type         = {Journal Article},
}

@Article{Allenbach2018,
  author       = {Allenbach, Y. and Arouche-Delaperche, L. and Preusse, C. and Radbruch, H. and Butler-Browne, G. and Champtiaux, N. and Mariampillai, K. and Rigolet, A. and Hufnagl, P. and Zerbe, N. and Amelin, D. and Maisonobe, T. and Louis-Leonard, S. and Duyckaerts, C. and Eymard, B. and Goebel, H. H. and Bergua, C. and Drouot, L. and Boyer, O. and Benveniste, O. and Stenzel, W.},
  date         = {2018},
  journaltitle = {Neurology},
  title        = {Necrosis in anti-SRP(+) and anti-HMGCR(+)myopathies: Role of autoantibodies and complement},
  doi          = {10.1212/WNL.0000000000004923},
  issn         = {1526-632X (Electronic)
0028-3878 (Linking)},
  number       = {6},
  pages        = {e507--e517},
  url          = {https://www.ncbi.nlm.nih.gov/pubmed/29330311},
  volume       = {90},
  journal      = {Neurology},
  month        = jan,
  publisher    = {Ovid Technologies (Wolters Kluwer Health)},
  type         = {Journal Article},
  year         = {2018},
}

@Article{Allenbach2015,
  author       = {Allenbach, Y. and Guiguet, M. and Rigolet, A. and Marie, I. and Hachulla, E. and Drouot, L. and Jouen, F. and Jacquot, S. and Mariampillai, K. and Musset, L. and Grenier, P. and Devilliers, H. and Hij, A. and Boyer, O. and Herson, S. and Benveniste, O.},
  date         = {2015},
  journaltitle = {PLoS One},
  title        = {Efficacy of Rituximab in Refractory Inflammatory Myopathies Associated with Anti- Synthetase Auto-Antibodies: An Open-Label, Phase II Trial},
  doi          = {10.1371/journal.pone.0133702},
  issn         = {1932-6203 (Electronic)
1932-6203 (Linking)},
  number       = {11},
  pages        = {e0133702},
  url          = {https://www.ncbi.nlm.nih.gov/pubmed/26539981},
  volume       = {10},
  type         = {Journal Article},
}

@Article{Allenbach2016,
  author       = {Allenbach, Y. and Keraen, J. and Bouvier, A. M. and Jooste, V. and Champtiaux, N. and Hervier, B. and Schoindre, Y. and Rigolet, A. and Gilardin, L. and Musset, L. and Charuel, J. L. and Boyer, O. and Jouen, F. and Drouot, L. and Martinet, J. and Stojkovic, T. and Eymard, B. and Laforet, P. and Behin, A. and Salort-Campana, E. and Fain, O. and Meyer, A. and Schleinitz, N. and Mariampillai, K. and Grados, A. and Benveniste, O.},
  date         = {2016},
  journaltitle = {Brain},
  title        = {High risk of cancer in autoimmune necrotizing myopathies: usefulness of myositis specific antibody},
  doi          = {10.1093/brain/aww054},
  issn         = {1460-2156 (Electronic)
0006-8950 (Linking)},
  number       = {Pt 8},
  pages        = {2131--5},
  url          = {https://www.ncbi.nlm.nih.gov/pubmed/27086869},
  volume       = {139},
  type         = {Journal Article},
}

@Article{Allenbach2017,
  author       = {Allenbach, Y. and Mammen, A. L. and Stenzel, W. and Benveniste, O. and Immune-Mediated Necrotizing Myopathies Working, Group},
  date         = {2017},
  journaltitle = {Neuromuscul Disord},
  title        = {224th ENMC International Workshop:: Clinico-sero-pathological classification of immune-mediated necrotizing myopathies Zandvoort, The Netherlands, 14-16 October 2016},
  doi          = {10.1016/j.nmd.2017.09.016},
  issn         = {1873-2364 (Electronic)
0960-8966 (Linking)},
  url          = {https://www.ncbi.nlm.nih.gov/pubmed/29221629},
  type         = {Journal Article},
}

@Article{Amato2003,
  author       = {Amato, A. A. and Griggs, R. C.},
  date         = {2003},
  journaltitle = {Curr Opin Neurol},
  title        = {Treatment of idiopathic inflammatory myopathies},
  doi          = {10.1097/01.wco.0000093099.34793.40},
  issn         = {1350-7540 (Print)
1350-7540 (Linking)},
  number       = {5},
  pages        = {569--75},
  url          = {https://www.ncbi.nlm.nih.gov/pubmed/14501840},
  volume       = {16},
  type         = {Journal Article},
}

@Article{Amato2014,
  author       = {Amato, A. A. and Sivakumar, K. and Goyal, N. and David, W. S. and Salajegheh, M. and Praestgaard, J. and Lach-Trifilieff, E. and Trendelenburg, A. U. and Laurent, D. and Glass, D. J. and Roubenoff, R. and Tseng, B. S. and Greenberg, S. A.},
  date         = {2014},
  journaltitle = {Neurology},
  title        = {Treatment of sporadic inclusion body myositis with bimagrumab},
  doi          = {10.1212/WNL.0000000000001070},
  issn         = {1526-632X (Electronic)
0028-3878 (Linking)},
  number       = {24},
  pages        = {2239--46},
  url          = {https://www.ncbi.nlm.nih.gov/pubmed/25381300},
  volume       = {83},
  type         = {Journal Article},
}

@Article{Andersson2017,
  author       = {Andersson, H. and Kirkhus, E. and Garen, T. and Walle-Hansen, R. and Merckoll, E. and Molberg, O.},
  date         = {2017},
  journaltitle = {Arthritis Res Ther},
  title        = {Comparative analyses of muscle MRI and muscular function in anti-synthetase syndrome patients and matched controls: a cross-sectional study},
  doi          = {10.1186/s13075-017-1219-y},
  issn         = {1478-6362 (Electronic)
1478-6354 (Linking)},
  number       = {1},
  pages        = {17},
  url          = {https://www.ncbi.nlm.nih.gov/pubmed/28122635},
  volume       = {19},
  type         = {Journal Article},
}

@Article{Andersson2015,
  author       = {Andersson, H. and Sem, M. and Lund, M. B. and Aalokken, T. M. and Gunther, A. and Walle-Hansen, R. and Garen, T. and Molberg, O.},
  date         = {2015},
  journaltitle = {Rheumatology (Oxford)},
  title        = {Long-term experience with rituximab in anti-synthetase syndrome-related interstitial lung disease},
  doi          = {10.1093/rheumatology/kev004},
  issn         = {1462-0332 (Electronic)
1462-0324 (Linking)},
  number       = {8},
  pages        = {1420--8},
  url          = {https://www.ncbi.nlm.nih.gov/pubmed/25740830},
  volume       = {54},
  type         = {Journal Article},
}

@Article{AroucheDelaperche2017,
  author       = {Arouche-Delaperche, L. and Allenbach, Y. and Amelin, D. and Preusse, C. and Mouly, V. and Mauhin, W. and Tchoupou, G. D. and Drouot, L. and Boyer, O. and Stenzel, W. and Butler-Browne, G. and Benveniste, O.},
  date         = {2017},
  journaltitle = {Ann Neurol},
  title        = {Pathogenic role of anti-signal recognition protein and anti-3-Hydroxy-3-methylglutaryl-CoA reductase antibodies in necrotizing myopathies: Myofiber atrophy and impairment of muscle regeneration in necrotizing autoimmune myopathies},
  doi          = {10.1002/ana.24902},
  issn         = {1531-8249 (Electronic)
0364-5134 (Linking)},
  number       = {4},
  pages        = {538--548},
  url          = {https://www.ncbi.nlm.nih.gov/pubmed/28224701},
  volume       = {81},
  type         = {Journal Article},
}

@Article{Baechler2007,
  author       = {Baechler, E. C. and Bauer, J. W. and Slattery, C. A. and Ortmann, W. A. and Espe, K. J. and Novitzke, J. and Ytterberg, S. R. and Gregersen, P. K. and Behrens, T. W. and Reed, A. M.},
  date         = {2007},
  journaltitle = {Mol Med},
  title        = {An interferon signature in the peripheral blood of dermatomyositis patients is associated with disease activity},
  doi          = {10.2119/2006-00085.Baechler},
  issn         = {1076-1551 (Print)
1076-1551 (Linking)},
  number       = {1-2},
  pages        = {59--68},
  url          = {https://www.ncbi.nlm.nih.gov/pubmed/17515957},
  volume       = {13},
  type         = {Journal Article},
}

@Article{Barnes2018,
  author       = {Barnes, H. and Holland, A. E. and Westall, G. P. and Goh, N. S. and Glaspole, I. N.},
  date         = {2018},
  journaltitle = {Cochrane Database Syst Rev},
  title        = {Cyclophosphamide for connective tissue disease-associated interstitial lung disease},
  doi          = {10.1002/14651858.CD010908.pub2},
  issn         = {1469-493X (Electronic)
1361-6137 (Linking)},
  pages        = {CD010908},
  url          = {https://www.ncbi.nlm.nih.gov/pubmed/29297205},
  volume       = {1},
  type         = {Journal Article},
}

@Article{Benveniste2011,
  author       = {Benveniste, O. and Guiguet, M. and Freebody, J. and Dubourg, O. and Squier, W. and Maisonobe, T. and Stojkovic, T. and Leite, M. I. and Allenbach, Y. and Herson, S. and Brady, S. and Eymard, B. and Hilton-Jones, D.},
  date         = {2011},
  journaltitle = {Brain},
  title        = {Long-term observational study of sporadic inclusion body myositis},
  doi          = {10.1093/brain/awr213},
  issn         = {1460-2156 (Electronic)
0006-8950 (Linking)},
  number       = {Pt 11},
  pages        = {3176--84},
  url          = {https://www.ncbi.nlm.nih.gov/pubmed/21994327},
  volume       = {134},
  type         = {Journal Article},
}

@Article{Benveniste2017,
  author       = {Benveniste, O. and Hogrel, J. Y. and Annoussamy, M. and Bachasson, D. and Rigolet, A. and Servais, L. and Salem, J. E. and Hervier, B. and Landon Cardinal, O. and Mariampillai, K. and Hulot, J. S. and Carlier, P. and Allenbach, Y.},
  date         = {2017},
  journaltitle = {Arthritis Rheumatol},
  title        = {Rapamycin vs. Placebo for the treatment of inclusion body myositis: improvement of the 6 min walking distance, a functional scale, the fvc and muscle quantitative MRI [abstract].},
  number       = {(suppl 10)},
  volume       = {69},
  type         = {Journal Article},
}

@Article{Betteridge2016,
  author       = {Betteridge, Z. and McHugh, N.},
  date         = {2016},
  journaltitle = {J Intern Med},
  title        = {Myositis-specific autoantibodies: an important tool to support diagnosis of myositis},
  doi          = {10.1111/joim.12451},
  issn         = {1365-2796 (Electronic)
0954-6820 (Linking)},
  number       = {1},
  pages        = {8--23},
  url          = {https://www.ncbi.nlm.nih.gov/pubmed/26602539},
  volume       = {280},
  type         = {Journal Article},
}

@Article{Carpenter1978,
  author       = {Carpenter, S. and Karpati, G. and Heller, I. and Eisen, A.},
  date         = {1978},
  journaltitle = {Neurology},
  title        = {Inclusion body myositis: a distinct variety of idiopathic inflammatory myopathy},
  doi          = {10.1212/wnl.28.1.8},
  issn         = {0028-3878 (Print)
0028-3878 (Linking)},
  number       = {1},
  pages        = {8--17},
  url          = {https://www.ncbi.nlm.nih.gov/pubmed/201886},
  volume       = {28},
  type         = {Journal Article},
}

@Article{CasciolaRosen2005,
  author       = {Casciola-Rosen, L. and Nagaraju, K. and Plotz, P. and Wang, K. and Levine, S. and Gabrielson, E. and Corse, A. and Rosen, A.},
  date         = {2005},
  journaltitle = {J Exp Med},
  title        = {Enhanced autoantigen expression in regenerating muscle cells in idiopathic inflammatory myopathy},
  doi          = {10.1084/jem.20041367},
  issn         = {0022-1007 (Print)
0022-1007 (Linking)},
  number       = {4},
  pages        = {591--601},
  url          = {https://www.ncbi.nlm.nih.gov/pubmed/15728237},
  volume       = {201},
  type         = {Journal Article},
}

@Article{CatalanGarcia2015,
  author       = {Catalan-Garcia, M. and Garrabou, G. and Moren, C. and Guitart-Mampel, M. and Gonzalez-Casacuberta, I. and Hernando, A. and Gallego-Escuredo, J. and Yubero, D. and Villaroya, F. and Montero, R. and O. Callaghan, A. S. and Cardellach, F. and Grau, J.},
  date         = {2015},
  journaltitle = {Mol Med},
  title        = {BACE-1, PS-1 and sAPPbeta levels are increased in plasma from sporadic inclusion body myositis patients: surrogate biomarkers among inflammatory myopathies},
  doi          = {10.2119/molmed.2015.00168},
  issn         = {1528-3658 (Electronic)
1076-1551 (Linking)},
  number       = {1},
  pages        = {817--823},
  url          = {https://www.ncbi.nlm.nih.gov/pubmed/26552061},
  volume       = {21},
  type         = {Journal Article},
}

@Article{CatalanGarcia2016,
  author       = {Catalan-Garcia, M. and Garrabou, G. and Moren, C. and Guitart-Mampel, M. and Hernando, A. and Diaz-Ramos, A. and Gonzalez-Casacuberta, I. and Juarez, D. L. and Bano, M. and Enrich-Bengoa, J. and Emperador, S. and Milisenda, J. C. and Moreno, P. and Tobias, E. and Zorzano, A. and Montoya, J. and Cardellach, F. and Grau, J. M.},
  date         = {2016},
  journaltitle = {Clin Sci (Lond)},
  title        = {Mitochondrial DNA disturbances and deregulated expression of oxidative phosphorylation and mitochondrial fusion proteins in sporadic inclusion body myositis},
  doi          = {10.1042/CS20160080},
  issn         = {1470-8736 (Electronic)
0143-5221 (Linking)},
  number       = {19},
  pages        = {1741--51},
  url          = {https://www.ncbi.nlm.nih.gov/pubmed/27413019},
  volume       = {130},
  type         = {Journal Article},
}

@Article{Chahin2008,
  author       = {Chahin, N. and Engel, A. G.},
  date         = {2008},
  journaltitle = {Neurology},
  title        = {Correlation of muscle biopsy, clinical course, and outcome in PM and sporadic IBM},
  doi          = {10.1212/01.wnl.0000277527.69388.fe},
  issn         = {1526-632X (Electronic)
0028-3878 (Linking)},
  number       = {6},
  pages        = {418--24},
  url          = {https://www.ncbi.nlm.nih.gov/pubmed/17881720},
  volume       = {70},
  type         = {Journal Article},
}

@Article{Chen2013,
  author       = {Chen, D. and Wang, X. B. and Zhou, Y. and Zhu, X. C.},
  date         = {2013},
  journaltitle = {Rheumatol Int},
  title        = {Efficacy of infliximab in the treatment for dermatomyositis with acute interstitial pneumonia: a study of fourteen cases and literature review},
  doi          = {10.1007/s00296-012-2653-4},
  issn         = {1437-160X (Electronic)
0172-8172 (Linking)},
  number       = {10},
  pages        = {2455--8},
  url          = {https://www.ncbi.nlm.nih.gov/pubmed/23715693},
  volume       = {33},
  type         = {Journal Article},
}

@Article{Chen2018,
  author       = {Chen, F. and Peng, Y. and Chen, M.},
  date         = {2018},
  journaltitle = {Int Heart J},
  title        = {Diagnostic Approach to Cardiac Involvement in Idiopathic Inflammatory Myopathies},
  doi          = {10.1536/ihj.17-204},
  issn         = {1349-3299 (Electronic)
1349-2365 (Linking)},
  number       = {2},
  pages        = {256--262},
  url          = {https://www.ncbi.nlm.nih.gov/pubmed/29563381},
  volume       = {59},
  type         = {Journal Article},
}

@Article{Cherin2016,
  author       = {Cherin, P. and Belizna, C. and Cartry, O. and Lascu-Dubos, G. and de Jaeger, C. and Delain, J. C. and Crave, J. C. and Hachulla, E.},
  date         = {2016},
  journaltitle = {Autoimmun Rev},
  title        = {Long-term subcutaneous immunoglobulin use in inflammatory myopathies: A retrospective review of 19 cases},
  doi          = {10.1016/j.autrev.2015.12.003},
  issn         = {1873-0183 (Electronic)
1568-9972 (Linking)},
  number       = {3},
  pages        = {281--6},
  url          = {https://www.ncbi.nlm.nih.gov/pubmed/26688441},
  volume       = {15},
  type         = {Journal Article},
}

@Article{Cherin2002,
  author       = {Cherin, P. and Pelletier, S. and Teixeira, A. and Laforet, P. and Simon, A. and Herson, S. and Eymard, B.},
  date         = {2002},
  journaltitle = {Neurology},
  title        = {Intravenous immunoglobulin for dysphagia of inclusion body myositis},
  issn         = {0028-3878 (Print)
0028-3878 (Linking)},
  number       = {2},
  pages        = {326},
  url          = {https://www.ncbi.nlm.nih.gov/pubmed/11805271},
  volume       = {58},
  type         = {Journal Article},
}

@Article{Chou1967,
  author       = {Chou, S. M.},
  date         = {1967},
  journaltitle = {Science},
  title        = {Myxovirus-like structures in a case of human chronic polymyositis},
  doi          = {10.1126/science.158.3807.1453},
  issn         = {0036-8075 (Print)
0036-8075 (Linking)},
  number       = {3807},
  pages        = {1453--5},
  url          = {https://www.ncbi.nlm.nih.gov/pubmed/6058682},
  volume       = {158},
  type         = {Journal Article},
}

@Article{ChristopherStine2010,
  author       = {Christopher-Stine, L. and Casciola-Rosen, L. A. and Hong, G. and Chung, T. and Corse, A. M. and Mammen, A. L.},
  date         = {2010},
  journaltitle = {Arthritis Rheum},
  title        = {A novel autoantibody recognizing 200-kd and 100-kd proteins is associated with an immune-mediated necrotizing myopathy},
  doi          = {10.1002/art.27572},
  issn         = {1529-0131 (Electronic)
0004-3591 (Linking)},
  number       = {9},
  pages        = {2757--66},
  url          = {https://www.ncbi.nlm.nih.gov/pubmed/20496415},
  volume       = {62},
  type         = {Journal Article},
}

@Article{Chung2015,
  author       = {Chung, T. and Christopher-Stine, L. and Paik, J. J. and Corse, A. and Mammen, A. L.},
  date         = {2015},
  journaltitle = {Muscle Nerve},
  title        = {The composition of cellular infiltrates in anti-HMG-CoA reductase-associated myopathy},
  doi          = {10.1002/mus.24642},
  issn         = {1097-4598 (Electronic)
0148-639X (Linking)},
  number       = {2},
  pages        = {189--95},
  url          = {https://www.ncbi.nlm.nih.gov/pubmed/25737145},
  volume       = {52},
  type         = {Journal Article},
}

@Article{Coppo2002,
  author       = {Coppo, P. and Clauvel, J. P. and Bengoufa, D. and Oksenhendler, E. and Lacroix, C. and Lassoued, K.},
  date         = {2002},
  journaltitle = {Rheumatology (Oxford)},
  title        = {Inflammatory myositis associated with anti-U1-small nuclear ribonucleoprotein antibodies: a subset of myositis associated with a favourable outcome},
  issn         = {1462-0324 (Print)
1462-0324 (Linking)},
  number       = {9},
  pages        = {1040--6},
  url          = {https://www.ncbi.nlm.nih.gov/pubmed/12209039},
  volume       = {41},
  type         = {Journal Article},
}

@Article{Dalakas2002,
  author       = {Dalakas, M. C.},
  date         = {2002},
  journaltitle = {Rheum Dis Clin North Am},
  title        = {Muscle biopsy findings in inflammatory myopathies},
  issn         = {0889-857X (Print)
0889-857X (Linking)},
  number       = {4},
  pages        = {779-98, vi},
  url          = {https://www.ncbi.nlm.nih.gov/pubmed/12506772},
  volume       = {28},
  type         = {Journal Article},
}

@Article{Dalakas2015,
  author       = {Dalakas, M. C.},
  date         = {2015},
  journaltitle = {N Engl J Med},
  title        = {Inflammatory Muscle Diseases},
  doi          = {10.1056/NEJMc1506827},
  issn         = {1533-4406 (Electronic)
0028-4793 (Linking)},
  number       = {4},
  pages        = {393--4},
  url          = {https://www.ncbi.nlm.nih.gov/pubmed/26200989},
  volume       = {373},
  type         = {Journal Article},
}

@Article{Dalakas1993,
  author       = {Dalakas, M. C. and Illa, I. and Dambrosia, J. M. and Soueidan, S. A. and Stein, D. P. and Otero, C. and Dinsmore, S. T. and McCrosky, S.},
  date         = {1993},
  journaltitle = {N Engl J Med},
  title        = {A controlled trial of high-dose intravenous immune globulin infusions as treatment for dermatomyositis},
  doi          = {10.1056/NEJM199312303292704},
  issn         = {0028-4793 (Print)
0028-4793 (Linking)},
  number       = {27},
  pages        = {1993--2000},
  url          = {https://www.ncbi.nlm.nih.gov/pubmed/8247075},
  volume       = {329},
  type         = {Journal Article},
}

@Article{EscolaVerge2017,
  author       = {Escola-Verge, L. and Pinal-Fernandez, I. and Fernandez-Codina, A. and Callejas-Moraga, E. L. and Espinosa, J. and Marin, A. and Labrador-Horrillo, M. and O'Callaghan, A.},
  date         = {2017},
  journaltitle = {J Clin Rheumatol},
  title        = {Mixed Connective Tissue Disease and Epitope Spreading: An Historical Cohort Study},
  doi          = {10.1097/RHU.0000000000000500},
  issn         = {1536-7355 (Electronic)
1076-1608 (Linking)},
  number       = {3},
  pages        = {155--159},
  url          = {https://www.ncbi.nlm.nih.gov/pubmed/28248800},
  volume       = {23},
  type         = {Journal Article},
}

@Article{EspinosaOrtega2019,
  author       = {Espinosa-Ortega, F. and Holmqvist, M. and Alexanderson, H. and Storfors, H. and Mimori, T. and Lundberg, I. E. and Ronnelid, J.},
  date         = {2019},
  journaltitle = {Ann Rheum Dis},
  title        = {Comparison of autoantibody specificities tested by a line blot assay and immunoprecipitation-based algorithm in patients with idiopathic inflammatory myopathies},
  doi          = {10.1136/annrheumdis-2018-214690},
  issn         = {1468-2060 (Electronic)
0003-4967 (Linking)},
  number       = {6},
  pages        = {858--860},
  url          = {https://www.ncbi.nlm.nih.gov/pubmed/30760469},
  volume       = {78},
  type         = {Journal Article},
}

@Article{Euwer1991,
  author       = {Euwer, R. L. and Sontheimer, R. D.},
  date         = {1991},
  journaltitle = {J Am Acad Dermatol},
  title        = {Amyopathic dermatomyositis (dermatomyositis sine myositis). Presentation of six new cases and review of the literature},
  issn         = {0190-9622 (Print)
0190-9622 (Linking)},
  number       = {6 Pt 1},
  pages        = {959--66},
  url          = {https://www.ncbi.nlm.nih.gov/pubmed/1869684},
  volume       = {24},
  type         = {Journal Article},
}

@Article{Fiorentino2013,
  author       = {Fiorentino, D. F. and Chung, L. S. and Christopher-Stine, L. and Zaba, L. and Li, S. and Mammen, A. L. and Rosen, A. and Casciola-Rosen, L.},
  date         = {2013},
  journaltitle = {Arthritis Rheum},
  title        = {Most patients with cancer-associated dermatomyositis have antibodies to nuclear matrix protein NXP-2 or transcription intermediary factor 1gamma},
  doi          = {10.1002/art.38093},
  issn         = {1529-0131 (Electronic)
0004-3591 (Linking)},
  number       = {11},
  pages        = {2954--62},
  url          = {https://www.ncbi.nlm.nih.gov/pubmed/24037894},
  volume       = {65},
  type         = {Journal Article},
}

@Article{Ge2017,
  author       = {Ge, Y. and Lu, X. and Shu, X. and Peng, Q. and Wang, G.},
  date         = {2017},
  journaltitle = {Sci Rep},
  title        = {Clinical characteristics of anti-SAE antibodies in Chinese patients with dermatomyositis in comparison with different patient cohorts},
  doi          = {10.1038/s41598-017-00240-6},
  issn         = {2045-2322 (Electronic)
2045-2322 (Linking)},
  number       = {1},
  pages        = {188},
  url          = {https://www.ncbi.nlm.nih.gov/pubmed/28298642},
  volume       = {7},
  type         = {Journal Article},
}

@Article{Ghirardello2005,
  author       = {Ghirardello, A. and Zampieri, S. and Iaccarino, L. and Tarricone, E. and Bendo, R. and Gambari, P. F. and Doria, A.},
  date         = {2005},
  journaltitle = {Autoimmunity},
  title        = {Anti-Mi-2 antibodies},
  doi          = {10.1080/08916930400022681},
  issn         = {0891-6934 (Print)
0891-6934 (Linking)},
  number       = {1},
  pages        = {79--83},
  url          = {https://www.ncbi.nlm.nih.gov/pubmed/15966133},
  volume       = {38},
  type         = {Journal Article},
}

@Article{Go2016,
  author       = {Go, D. J. and Park, J. K. and Kang, E. H. and Kwon, H. M. and Lee, Y. J. and Song, Y. W. and Lee, E. B.},
  date         = {2016},
  journaltitle = {Rheumatol Int},
  title        = {Survival benefit associated with early cyclosporine treatment for dermatomyositis-associated interstitial lung disease},
  doi          = {10.1007/s00296-015-3328-8},
  issn         = {1437-160X (Electronic)
0172-8172 (Linking)},
  number       = {1},
  pages        = {125--31},
  url          = {https://www.ncbi.nlm.nih.gov/pubmed/26223808},
  volume       = {36},
  type         = {Journal Article},
}

@Article{Gordon2012,
  author       = {Gordon, P. A. and Winer, J. B. and Hoogendijk, J. E. and Choy, E. H.},
  date         = {2012},
  journaltitle = {Cochrane Database Syst Rev},
  title        = {Immunosuppressant and immunomodulatory treatment for dermatomyositis and polymyositis},
  doi          = {10.1002/14651858.CD003643.pub4},
  issn         = {1469-493X (Electronic)
1361-6137 (Linking)},
  number       = {8},
  pages        = {CD003643},
  url          = {https://www.ncbi.nlm.nih.gov/pubmed/22895935},
  type         = {Journal Article},
}

@Article{Goyal2016,
  author       = {Goyal, N. A. and Cash, T. M. and Alam, U. and Enam, S. and Tierney, P. and Araujo, N. and Mozaffar, F. H. and Pestronk, A. and Mozaffar, T.},
  date         = {2016},
  journaltitle = {J Neurol Neurosurg Psychiatry},
  title        = {Seropositivity for NT5c1A antibody in sporadic inclusion body myositis predicts more severe motor, bulbar and respiratory involvement},
  doi          = {10.1136/jnnp-2014-310008},
  issn         = {1468-330X (Electronic)
0022-3050 (Linking)},
  number       = {4},
  pages        = {373--8},
  url          = {https://www.ncbi.nlm.nih.gov/pubmed/25857661},
  volume       = {87},
  type         = {Journal Article},
}

@Article{Greenberg2006,
  author       = {Greenberg, S. A. and Pinkus, J. L. and Amato, A. A.},
  date         = {2006},
  journaltitle = {Muscle Nerve},
  title        = {Nuclear membrane proteins are present within rimmed vacuoles in inclusion-body myositis},
  doi          = {10.1002/mus.20584},
  issn         = {0148-639X (Print)
0148-639X (Linking)},
  number       = {4},
  pages        = {406--16},
  url          = {https://www.ncbi.nlm.nih.gov/pubmed/16823856},
  volume       = {34},
  type         = {Journal Article},
}

@Article{Greenberg2016,
  author       = {Greenberg, S. A. and Pinkus, J. L. and Amato, A. A. and Kristensen, T. and Dorfman, D. M.},
  date         = {2016},
  journaltitle = {Brain},
  title        = {Association of inclusion body myositis with T cell large granular lymphocytic leukaemia},
  doi          = {10.1093/brain/aww024},
  issn         = {1460-2156 (Electronic)
0006-8950 (Linking)},
  number       = {Pt 5},
  pages        = {1348--60},
  url          = {https://www.ncbi.nlm.nih.gov/pubmed/26920676},
  volume       = {139},
  type         = {Journal Article},
}

@Article{Greenberg2005,
  author       = {Greenberg, S. A. and Pinkus, J. L. and Pinkus, G. S. and Burleson, T. and Sanoudou, D. and Tawil, R. and Barohn, R. J. and Saperstein, D. S. and Briemberg, H. R. and Ericsson, M. and Park, P. and Amato, A. A.},
  date         = {2005},
  journaltitle = {Ann Neurol},
  title        = {Interferon-alpha/beta-mediated innate immune mechanisms in dermatomyositis},
  doi          = {10.1002/ana.20464},
  issn         = {0364-5134 (Print)
0364-5134 (Linking)},
  number       = {5},
  pages        = {664--78},
  url          = {https://www.ncbi.nlm.nih.gov/pubmed/15852401},
  volume       = {57},
  type         = {Journal Article},
}

@Article{GuillenDelCastillo2014,
  author       = {Guillen-Del Castillo, A. and Pilar Simeon-Aznar, C. and Fonollosa-Pla, V. and Alonso-Vila, S. and Reverte-Vinaixa, M. M. and Munoz, X. and Pallisa, E. and Selva-O'allaghan, A. and Fernandez-Codina, A. and Vilardell-Tarres, M.},
  date         = {2014},
  journaltitle = {Semin Arthritis Rheum},
  title        = {Good outcome of interstitial lung disease in patients with scleroderma associated to anti-PM/Scl antibody},
  doi          = {10.1016/j.semarthrit.2014.07.002},
  issn         = {1532-866X (Electronic)
0049-0172 (Linking)},
  number       = {3},
  pages        = {331--7},
  url          = {https://www.ncbi.nlm.nih.gov/pubmed/25110305},
  volume       = {44},
  type         = {Journal Article},
}

@Article{Guttsches2017,
  author       = {Guttsches, A. K. and Brady, S. and Krause, K. and Maerkens, A. and Uszkoreit, J. and Eisenacher, M. and Schreiner, A. and Galozzi, S. and Mertens-Rill, J. and Tegenthoff, M. and Holton, J. L. and Harms, M. B. and Lloyd, T. E. and Vorgerd, M. and Weihl, C. C. and Marcus, K. and Kley, R. A.},
  date         = {2017},
  journaltitle = {Ann Neurol},
  title        = {Proteomics of rimmed vacuoles define new risk allele in inclusion body myositis},
  doi          = {10.1002/ana.24847},
  issn         = {1531-8249 (Electronic)
0364-5134 (Linking)},
  number       = {2},
  pages        = {227--239},
  url          = {https://www.ncbi.nlm.nih.gov/pubmed/28009083},
  volume       = {81},
  type         = {Journal Article},
}

@Article{Guyon2002,
  author       = {Guyon, I. and Weston, J. and Barnhill, S. and Vapnik, V.},
  date         = {2002},
  journaltitle = {Machine Learning},
  title        = {Gene selection for cancer classification using support vector machines},
  doi          = {Doi 10.1023/A:1012487302797},
  issn         = {0885-6125},
  number       = {1-3},
  pages        = {389--422},
  url          = {<Go to ISI>://WOS:000171501800018},
  volume       = {46},
  type         = {Journal Article},
}

@Article{Hautveränderungen1930,
  author       = {Hautveränderungen, H. G.},
  date         = {1930},
  journaltitle = {Compt Rend Seancy},
  title        = {bei Dermatomyositis. VIII Congres Intern. Dermatol. et Syphilogr.,Copenhagen, 5–8 Agout, 1930},
  pages        = {826--30},
  type         = {Journal Article},
}

@Article{Hecht1940,
  author       = {Hecht, M. S.},
  date         = {1940},
  journaltitle = {J Pediatr},
  title        = {Dermatomyositis in children},
  pages        = {791},
  volume       = {17},
  type         = {Journal Article},
}

@Article{Hepp1887,
  author       = {Hepp, P.},
  date         = {1887},
  journaltitle = {Berlin Klin Wochenschr},
  title        = {Über einen Fall von acuter parenhymatoser Myositis, welche Geschwulste bildete und Fluctuation vortauschte},
  pages        = {389},
  volume       = {24},
  type         = {Journal Article},
}

@Article{Herbert2016,
  author       = {Herbert, M. K. and Stammen-Vogelzangs, J. and Verbeek, M. M. and Rietveld, A. and Lundberg, I. E. and Chinoy, H. and Lamb, J. A. and Cooper, R. G. and Roberts, M. and Badrising, U. A. and De Bleecker, J. L. and Machado, P. M. and Hanna, M. G. and Plestilova, L. and Vencovsky, J. and van Engelen, B. G. and Pruijn, G. J.},
  date         = {2016},
  journaltitle = {Ann Rheum Dis},
  title        = {Disease specificity of autoantibodies to cytosolic 5'-nucleotidase 1A in sporadic inclusion body myositis versus known autoimmune diseases},
  doi          = {10.1136/annrheumdis-2014-206691},
  issn         = {1468-2060 (Electronic)
0003-4967 (Linking)},
  number       = {4},
  pages        = {696--701},
  url          = {https://www.ncbi.nlm.nih.gov/pubmed/25714931},
  volume       = {75},
  type         = {Journal Article},
}

@Article{Holmans2010,
  author       = {Holmans, P.},
  date         = {2010},
  journaltitle = {Adv Genet},
  title        = {Statistical methods for pathway analysis of genome-wide data for association with complex genetic traits},
  doi          = {10.1016/B978-0-12-380862-2.00007-2},
  issn         = {0065-2660 (Print)
0065-2660 (Linking)},
  pages        = {141--79},
  url          = {https://www.ncbi.nlm.nih.gov/pubmed/21029852},
  volume       = {72},
  type         = {Journal Article},
}

@Article{Hornung2014,
  author       = {Hornung, T. and Janzen, V. and Heidgen, F. J. and Wolf, D. and Bieber, T. and Wenzel, J.},
  date         = {2014},
  journaltitle = {N Engl J Med},
  title        = {Remission of recalcitrant dermatomyositis treated with ruxolitinib},
  doi          = {10.1056/NEJMc1412997},
  issn         = {1533-4406 (Electronic)
0028-4793 (Linking)},
  number       = {26},
  pages        = {2537--8},
  url          = {https://www.ncbi.nlm.nih.gov/pubmed/25539124},
  volume       = {371},
  type         = {Journal Article},
}

@Article{Ittah2006,
  author       = {Ittah, M. and Miceli-Richard, C. and Eric Gottenberg, J. and Lavie, F. and Lazure, T. and Ba, N. and Sellam, J. and Lepajolec, C. and Mariette, X.},
  date         = {2006},
  journaltitle = {Arthritis Res Ther},
  title        = {B cell-activating factor of the tumor necrosis factor family (BAFF) is expressed under stimulation by interferon in salivary gland epithelial cells in primary Sjogren's syndrome},
  doi          = {10.1186/ar1912},
  issn         = {1478-6362 (Electronic)
1478-6354 (Linking)},
  number       = {2},
  pages        = {R51},
  url          = {https://www.ncbi.nlm.nih.gov/pubmed/16507175},
  volume       = {8},
  type         = {Journal Article},
}

@Article{Joffe1993,
  author       = {Joffe, M. M. and Love, L. A. and Leff, R. L. and Fraser, D. D. and Targoff, I. N. and Hicks, J. E. and Plotz, P. H. and Miller, F. W.},
  date         = {1993},
  journaltitle = {Am J Med},
  title        = {Drug therapy of the idiopathic inflammatory myopathies: predictors of response to prednisone, azathioprine, and methotrexate and a comparison of their efficacy},
  issn         = {0002-9343 (Print)
0002-9343 (Linking)},
  number       = {4},
  pages        = {379--87},
  url          = {https://www.ncbi.nlm.nih.gov/pubmed/8386437},
  volume       = {94},
  type         = {Journal Article},
}

@Article{Johnson2018,
  author       = {Johnson, N. T. and Dhroso, A. and Hughes, K. J. and Korkin, D.},
  date         = {2018},
  journaltitle = {RNA},
  title        = {Biological classification with RNA-seq data: Can alternatively spliced transcript expression enhance machine learning classifiers?},
  doi          = {10.1261/rna.062802.117},
  issn         = {1469-9001 (Electronic)
1355-8382 (Linking)},
  number       = {9},
  pages        = {1119--1132},
  url          = {https://www.ncbi.nlm.nih.gov/pubmed/29941426},
  volume       = {24},
  type         = {Journal Article},
}

@Article{Kampylafka2012,
  author       = {Kampylafka, E. I. and Kosmidis, M. L. and Panagiotakos, D. B. and Dalakas, M. and Moutsopoulos, H. M. and Tzioufas, A. G.},
  date         = {2012},
  journaltitle = {Clin Exp Rheumatol},
  title        = {The effect of intravenous immunoglobulin (IVIG) treatment on patients with dermatomyositis: a 4-year follow-up study},
  issn         = {0392-856X (Print)
0392-856X (Linking)},
  number       = {3},
  pages        = {397--401},
  url          = {https://www.ncbi.nlm.nih.gov/pubmed/22510247},
  volume       = {30},
  type         = {Journal Article},
}

@Article{Kankeleit1916,
  author       = {Kankeleit, H.},
  date         = {1916},
  journaltitle = {Dtsch Arch Klin Med},
  title        = {Über primaire nichteitrige Polymyositis.},
  pages        = {335--339},
  volume       = {120},
  type         = {Journal Article},
}

@Article{Kao2004,
  author       = {Kao, A. H. and Lacomis, D. and Lucas, M. and Fertig, N. and Oddis, C. V.},
  date         = {2004},
  journaltitle = {Arthritis Rheum},
  title        = {Anti-signal recognition particle autoantibody in patients with and patients without idiopathic inflammatory myopathy},
  doi          = {10.1002/art.11484},
  issn         = {0004-3591 (Print)
0004-3591 (Linking)},
  number       = {1},
  pages        = {209--15},
  url          = {https://www.ncbi.nlm.nih.gov/pubmed/14730618},
  volume       = {50},
  type         = {Journal Article},
}

@Article{Kosmidis2013,
  author       = {Kosmidis, M. L. and Alexopoulos, H. and Tzioufas, A. G. and Dalakas, M. C.},
  date         = {2013},
  journaltitle = {J Neurol Sci},
  title        = {The effect of anakinra, an IL1 receptor antagonist, in patients with sporadic inclusion body myositis (sIBM): a small pilot study},
  doi          = {10.1016/j.jns.2013.08.007},
  issn         = {1878-5883 (Electronic)
0022-510X (Linking)},
  number       = {1-2},
  pages        = {123--5},
  url          = {https://www.ncbi.nlm.nih.gov/pubmed/23998706},
  volume       = {334},
  type         = {Journal Article},
}

@Article{Krain1975,
  author       = {Krain, L.},
  date         = {1975},
  journaltitle = {Arch Dermatol},
  title        = {Dermatomyositis in six patients without initial muscle involvement},
  issn         = {0003-987X (Print)
0003-987X (Linking)},
  number       = {2},
  pages        = {241--5},
  url          = {https://www.ncbi.nlm.nih.gov/pubmed/1078762},
  volume       = {111},
  type         = {Journal Article},
}

@Article{Krystufkova2014,
  author       = {Krystufkova, O. and Barbasso Helmers, S. and Venalis, P. and Malmstrom, V. and Lindroos, E. and Vencovsky, J. and Lundberg, I. E.},
  date         = {2014},
  journaltitle = {Arthritis Res Ther},
  title        = {Expression of BAFF receptors in muscle tissue of myositis patients with anti-Jo-1 or anti-Ro52/anti-Ro60 autoantibodies},
  doi          = {10.1186/s13075-014-0454-8},
  issn         = {1478-6362 (Electronic)
1478-6354 (Linking)},
  number       = {5},
  pages        = {454},
  url          = {https://www.ncbi.nlm.nih.gov/pubmed/25301447},
  volume       = {16},
  type         = {Journal Article},
}

@Article{Kurasawa2018,
  author       = {Kurasawa, K. and Arai, S. and Namiki, Y. and Tanaka, A. and Takamura, Y. and Owada, T. and Arima, M. and Maezawa, R.},
  date         = {2018},
  journaltitle = {Rheumatology (Oxford)},
  title        = {Tofacitinib for refractory interstitial lung diseases in anti-melanoma differentiation-associated 5 gene antibody-positive dermatomyositis},
  doi          = {10.1093/rheumatology/key188},
  issn         = {1462-0332 (Electronic)
1462-0324 (Linking)},
  url          = {https://www.ncbi.nlm.nih.gov/pubmed/30060040},
  type         = {Journal Article},
}

@Article{Kurtzman2016,
  author       = {Kurtzman, D. J. and Wright, N. A. and Lin, J. and Femia, A. N. and Merola, J. F. and Patel, M. and Vleugels, R. A.},
  date         = {2016},
  journaltitle = {JAMA Dermatol},
  title        = {Tofacitinib Citrate for Refractory Cutaneous Dermatomyositis: An Alternative Treatment},
  doi          = {10.1001/jamadermatol.2016.0866},
  issn         = {2168-6084 (Electronic)
2168-6068 (Linking)},
  number       = {8},
  pages        = {944--5},
  url          = {https://www.ncbi.nlm.nih.gov/pubmed/27120749},
  volume       = {152},
  type         = {Journal Article},
}

@Article{LabiruaIturburu2013,
  author       = {Labirua-Iturburu, A. and Selva-O'Callaghan, A. and Martinez-Gomez, X. and Trallero-Araguas, E. and Labrador-Horrillo, M. and Vilardell-Tarres, M.},
  date         = {2013},
  journaltitle = {Clin Exp Rheumatol},
  title        = {Calcineurin inhibitors in a cohort of patients with antisynthetase-associated interstitial lung disease},
  issn         = {0392-856X (Print)
0392-856X (Linking)},
  number       = {3},
  pages        = {436--9},
  url          = {https://www.ncbi.nlm.nih.gov/pubmed/23465087},
  volume       = {31},
  type         = {Journal Article},
}

@Article{LabradorHorrillo2014,
  author       = {Labrador-Horrillo, M. and Martinez, M. A. and Selva-O'Callaghan, A. and Trallero-Araguas, E. and Balada, E. and Vilardell-Tarres, M. and Juarez, C.},
  date         = {2014},
  journaltitle = {J Immunol Res},
  title        = {Anti-MDA5 antibodies in a large Mediterranean population of adults with dermatomyositis},
  doi          = {10.1155/2014/290797},
  issn         = {2314-7156 (Electronic)
2314-7156 (Linking)},
  pages        = {290797},
  url          = {https://www.ncbi.nlm.nih.gov/pubmed/24741583},
  volume       = {2014},
  type         = {Journal Article},
}

@Article{Ladislau2018,
  author       = {Ladislau, L. and Suarez-Calvet, X. and Toquet, S. and Landon-Cardinal, O. and Amelin, D. and Depp, M. and Rodero, M. P. and Hathazi, D. and Duffy, D. and Bondet, V. and Preusse, C. and Bienvenu, B. and Rozenberg, F. and Roos, A. and Benjamim, C. F. and Gallardo, E. and Illa, I. and Mouly, V. and Stenzel, W. and Butler-Browne, G. and Benveniste, O. and Allenbach, Y.},
  date         = {2018},
  journaltitle = {Brain},
  title        = {JAK inhibitor improves type I interferon induced damage: proof of concept in dermatomyositis},
  doi          = {10.1093/brain/awy105},
  issn         = {1460-2156 (Electronic)
0006-8950 (Linking)},
  number       = {6},
  pages        = {1609--1621},
  url          = {https://www.ncbi.nlm.nih.gov/pubmed/29741608},
  volume       = {141},
  type         = {Journal Article},
}

@Article{Levine2007,
  author       = {Levine, S. M. and Raben, N. and Xie, D. and Askin, F. B. and Tuder, R. and Mullins, M. and Rosen, A. and Casciola-Rosen, L. A.},
  date         = {2007},
  journaltitle = {Arthritis Rheum},
  title        = {Novel conformation of histidyl-transfer RNA synthetase in the lung: the target tissue in Jo-1 autoantibody-associated myositis},
  doi          = {10.1002/art.22790},
  issn         = {0004-3591 (Print)
0004-3591 (Linking)},
  number       = {8},
  pages        = {2729--39},
  url          = {https://www.ncbi.nlm.nih.gov/pubmed/17665459},
  volume       = {56},
  type         = {Journal Article},
}

@Article{Lilleker2017,
  author       = {Lilleker, J. B. and Rietveld, A. and Pye, S. R. and Mariampillai, K. and Benveniste, O. and Peeters, M. T. and Miller, J. A. and Hanna, M. G. and Machado, P. M. and Parton, M. J. and Gheorghe, K. R. and Badrising, U. A. and Lundberg, I. E. and Sacconi, S. and Herbert, M. K. and McHugh, N. J. and Lecky, B. R. and Brierley, C. and Hilton-Jones, D. and Lamb, J. A. and Roberts, M. E. and Cooper, R. G. and Saris, C. G. and Pruijn, G. J. and Chinoy, H. and van Engelen, B. G. and all, Ukmyonet contributors},
  date         = {2017},
  journaltitle = {Ann Rheum Dis},
  title        = {Cytosolic 5'-nucleotidase 1A autoantibody profile and clinical characteristics in inclusion body myositis},
  doi          = {10.1136/annrheumdis-2016-210282},
  issn         = {1468-2060 (Electronic)
0003-4967 (Linking)},
  number       = {5},
  pages        = {862--868},
  url          = {https://www.ncbi.nlm.nih.gov/pubmed/28122761},
  volume       = {76},
  type         = {Journal Article},
}

@Article{Limaye2015,
  author       = {Limaye, V. and Bundell, C. and Hollingsworth, P. and Rojana-Udomsart, A. and Mastaglia, F. and Blumbergs, P. and Lester, S.},
  date         = {2015},
  journaltitle = {Muscle Nerve},
  title        = {Clinical and genetic associations of autoantibodies to 3-hydroxy-3-methyl-glutaryl-coenzyme a reductase in patients with immune-mediated myositis and necrotizing myopathy},
  doi          = {10.1002/mus.24541},
  issn         = {1097-4598 (Electronic)
0148-639X (Linking)},
  number       = {2},
  pages        = {196--203},
  url          = {https://www.ncbi.nlm.nih.gov/pubmed/25521389},
  volume       = {52},
  type         = {Journal Article},
}

@Article{Lloyd2016,
  author       = {Lloyd, T. E. and Christopher-Stine, L. and Pinal-Fernandez, I. and Tiniakou, E. and Petri, M. and Baer, A. and Danoff, S. K. and Pak, K. and Casciola-Rosen, L. A. and Mammen, A. L.},
  date         = {2016},
  journaltitle = {Arthritis Care Res (hoboken)},
  title        = {Cytosolic 5'-Nucleotidase 1A As a Target of Circulating Autoantibodies in Autoimmune Diseases},
  doi          = {10.1002/acr.22600},
  issn         = {2151-4658 (Electronic)
2151-464X (Linking)},
  number       = {1},
  pages        = {66--71},
  url          = {https://www.ncbi.nlm.nih.gov/pubmed/25892010},
  volume       = {68},
  type         = {Journal Article},
}

@Article{Lloyd2014,
  author       = {Lloyd, T. E. and Mammen, A. L. and Amato, A. A. and Weiss, M. D. and Needham, M. and Greenberg, S. A.},
  date         = {2014},
  journaltitle = {Neurology},
  title        = {Evaluation and construction of diagnostic criteria for inclusion body myositis},
  doi          = {10.1212/WNL.0000000000000642},
  issn         = {1526-632X (Electronic)
0028-3878 (Linking)},
  number       = {5},
  pages        = {426--33},
  url          = {https://www.ncbi.nlm.nih.gov/pubmed/24975859},
  volume       = {83},
  type         = {Journal Article},
}

@Article{Mammen2009,
  author       = {Mammen, A. L. and Casciola-Rosen, L. A. and Hall, J. C. and Christopher-Stine, L. and Corse, A. M. and Rosen, A.},
  date         = {2009},
  journaltitle = {Arthritis Rheum},
  title        = {Expression of the dermatomyositis autoantigen Mi-2 in regenerating muscle},
  doi          = {10.1002/art.24977},
  issn         = {0004-3591 (Print)
0004-3591 (Linking)},
  number       = {12},
  pages        = {3784--93},
  url          = {https://www.ncbi.nlm.nih.gov/pubmed/19950298},
  volume       = {60},
  type         = {Journal Article},
}

@Article{Mammen2011,
  author       = {Mammen, A. L. and Chung, T. and Christopher-Stine, L. and Rosen, P. and Rosen, A. and Doering, K. R. and Casciola-Rosen, L. A.},
  date         = {2011},
  journaltitle = {Arthritis Rheum},
  title        = {Autoantibodies against 3-hydroxy-3-methylglutaryl-coenzyme A reductase in patients with statin-associated autoimmune myopathy},
  doi          = {10.1002/art.30156},
  issn         = {1529-0131 (Electronic)
0004-3591 (Linking)},
  number       = {3},
  pages        = {713--21},
  url          = {https://www.ncbi.nlm.nih.gov/pubmed/21360500},
  volume       = {63},
  type         = {Journal Article},
}

@Article{Mammen2012,
  author       = {Mammen, A. L. and Gaudet, D. and Brisson, D. and Christopher-Stine, L. and Lloyd, T. E. and Leffell, M. S. and Zachary, A. A.},
  date         = {2012},
  journaltitle = {Arthritis Care Res (hoboken)},
  title        = {Increased frequency of DRB1*11:01 in anti-hydroxymethylglutaryl-coenzyme A reductase-associated autoimmune myopathy},
  doi          = {10.1002/acr.21671},
  issn         = {2151-4658 (Electronic)
2151-464X (Linking)},
  number       = {8},
  pages        = {1233--7},
  url          = {https://www.ncbi.nlm.nih.gov/pubmed/22422616},
  volume       = {64},
  type         = {Journal Article},
}

@Article{Mammen2015,
  author       = {Mammen, A. L. and Tiniakou, E.},
  date         = {2015},
  journaltitle = {N Engl J Med},
  title        = {Intravenous Immune Globulin for Statin-Triggered Autoimmune Myopathy},
  doi          = {10.1056/NEJMc1506163},
  issn         = {1533-4406 (Electronic)
0028-4793 (Linking)},
  number       = {17},
  pages        = {1680--2},
  url          = {https://www.ncbi.nlm.nih.gov/pubmed/26488714},
  volume       = {373},
  type         = {Journal Article},
}

@Article{Mamyrova2017,
  author       = {Mamyrova, G. and Rider, L. G. and Ehrlich, A. and Jones, O. and Pachman, L. M. and Nickeson, R. and Criscone-Schreiber, L. G. and Jung, L. K. and Miller, F. W. and Katz, J. D.},
  date         = {2017},
  journaltitle = {Rheumatology (Oxford)},
  title        = {Environmental factors associated with disease flare in juvenile and adult dermatomyositis},
  doi          = {10.1093/rheumatology/kex162},
  issn         = {1462-0332 (Electronic)
1462-0324 (Linking)},
  number       = {8},
  pages        = {1342--1347},
  url          = {https://www.ncbi.nlm.nih.gov/pubmed/28444299},
  volume       = {56},
  type         = {Journal Article},
}

@Article{Marie2012,
  author       = {Marie, I. and Hatron, P. Y. and Dominique, S. and Cherin, P. and Mouthon, L. and Menard, J. F. and Levesque, H. and Jouen, F.},
  date         = {2012},
  journaltitle = {Semin Arthritis Rheum},
  title        = {Short-term and long-term outcome of anti-Jo1-positive patients with anti-Ro52 antibody},
  doi          = {10.1016/j.semarthrit.2011.09.008},
  issn         = {1532-866X (Electronic)
0049-0172 (Linking)},
  number       = {6},
  pages        = {890--9},
  url          = {https://www.ncbi.nlm.nih.gov/pubmed/22078416},
  volume       = {41},
  type         = {Journal Article},
}

@Article{Mendell2017,
  author       = {Mendell, J. R. and Sahenk, Z. and Al-Zaidy, S. and Rodino-Klapac, L. R. and Lowes, L. P. and Alfano, L. N. and Berry, K. and Miller, N. and Yalvac, M. and Dvorchik, I. and Moore-Clingenpeel, M. and Flanigan, K. M. and Church, K. and Shontz, K. and Curry, C. and Lewis, S. and McColly, M. and Hogan, M. J. and Kaspar, B. K.},
  date         = {2017},
  journaltitle = {Mol Ther},
  title        = {Follistatin Gene Therapy for Sporadic Inclusion Body Myositis Improves Functional Outcomes},
  doi          = {10.1016/j.ymthe.2017.02.015},
  issn         = {1525-0024 (Electronic)
1525-0016 (Linking)},
  number       = {4},
  pages        = {870--879},
  url          = {https://www.ncbi.nlm.nih.gov/pubmed/28279643},
  volume       = {25},
  type         = {Journal Article},
}

@Article{MescamMancini2015,
  author       = {Mescam-Mancini, L. and Allenbach, Y. and Hervier, B. and Devilliers, H. and Mariampillay, K. and Dubourg, O. and Maisonobe, T. and Gherardi, R. and Mezin, P. and Preusse, C. and Stenzel, W. and Benveniste, O.},
  date         = {2015},
  journaltitle = {Brain},
  title        = {Anti-Jo-1 antibody-positive patients show a characteristic necrotizing perifascicular myositis},
  doi          = {10.1093/brain/awv192},
  issn         = {1460-2156 (Electronic)
0006-8950 (Linking)},
  number       = {Pt 9},
  pages        = {2485--92},
  url          = {https://www.ncbi.nlm.nih.gov/pubmed/26198592},
  volume       = {138},
  type         = {Journal Article},
}

@Article{Miller2015,
  author       = {Miller, F. W. and Chen, W. and O'Hanlon, T. P. and Cooper, R. G. and Vencovsky, J. and Rider, L. G. and Danko, K. and Wedderburn, L. R. and Lundberg, I. E. and Pachman, L. M. and Reed, A. M. and Ytterberg, S. R. and Padyukov, L. and Selva-O'Callaghan, A. and Radstake, T. R. and Isenberg, D. A. and Chinoy, H. and Ollier, W. E. and Scheet, P. and Peng, B. and Lee, A. and Byun, J. and Lamb, J. A. and Gregersen, P. K. and Amos, C. I. and Myositis Genetics, Consortium},
  date         = {2015},
  journaltitle = {Genes Immun},
  title        = {Genome-wide association study identifies HLA 8.1 ancestral haplotype alleles as major genetic risk factors for myositis phenotypes},
  doi          = {10.1038/gene.2015.28},
  issn         = {1476-5470 (Electronic)
1466-4879 (Linking)},
  number       = {7},
  pages        = {470--80},
  url          = {https://www.ncbi.nlm.nih.gov/pubmed/26291516},
  volume       = {16},
  type         = {Journal Article},
}

@Article{Mills1956,
  author       = {Mills, E. S. and Mathews, W. H.},
  date         = {1956},
  journaltitle = {JAMA},
  title        = {Interstitial pneumonitis in dermatomyositis},
  doi          = {10.1001/jama.1956.02960520029008b},
  issn         = {0002-9955 (Print)
0002-9955 (Linking)},
  number       = {17},
  pages        = {1467--70},
  url          = {https://www.ncbi.nlm.nih.gov/pubmed/13306580},
  volume       = {160},
  journal      = {J Am Med Assoc},
  month        = apr,
  publisher    = {American Medical Association ({AMA})},
  type         = {Journal Article},
  year         = {1956},
}

@Article{Mohassel2015,
  author       = {Mohassel, P. and Rosen, P. and Casciola-Rosen, L. and Pak, K. and Mammen, A. L.},
  date         = {2015},
  journaltitle = {Arthritis Rheumatol},
  title        = {Expression of the dermatomyositis autoantigen transcription intermediary factor 1gamma in regenerating muscle},
  doi          = {10.1002/art.38863},
  issn         = {2326-5205 (Electronic)
2326-5191 (Linking)},
  number       = {1},
  pages        = {266--72},
  url          = {https://www.ncbi.nlm.nih.gov/pubmed/25186009},
  volume       = {67},
  type         = {Journal Article},
}

@Article{Morganroth2010,
  author       = {Morganroth, P. A. and Kreider, M. E. and Werth, V. P.},
  date         = {2010},
  journaltitle = {Arthritis Care Res (hoboken)},
  title        = {Mycophenolate mofetil for interstitial lung disease in dermatomyositis},
  doi          = {10.1002/acr.20212},
  issn         = {2151-4658 (Electronic)
2151-464X (Linking)},
  number       = {10},
  pages        = {1496--501},
  url          = {https://www.ncbi.nlm.nih.gov/pubmed/20506189},
  volume       = {62},
  type         = {Journal Article},
}

@Article{Morisset2016,
  author       = {Morisset, J. and Johnson, C. and Rich, E. and Collard, H. R. and Lee, J. S.},
  date         = {2016},
  journaltitle = {Chest},
  title        = {Management of Myositis-Related Interstitial Lung Disease},
  doi          = {10.1016/j.chest.2016.04.007},
  issn         = {1931-3543 (Electronic)
0012-3692 (Linking)},
  number       = {5},
  pages        = {1118--1128},
  url          = {https://www.ncbi.nlm.nih.gov/pubmed/27102182},
  volume       = {150},
  type         = {Journal Article},
}

@Article{Murata2013,
  author       = {Murata, K. Y. and Kouda, K. and Tajima, F. and Kondo, T.},
  date         = {2013},
  journaltitle = {Clin Med Insights Case Rep},
  title        = {Balloon dilation in sporadic inclusion body myositis patients with Dysphagia},
  doi          = {10.4137/CCRep.S10200},
  issn         = {1179-5476 (Print)
1179-5476 (Linking)},
  pages        = {1--7},
  url          = {https://www.ncbi.nlm.nih.gov/pubmed/23362370},
  volume       = {6},
  type         = {Journal Article},
}

@Article{Muro2017,
  author       = {Muro, Y. and Nakanishi, H. and Katsuno, M. and Kono, M. and Akiyama, M.},
  date         = {2017},
  journaltitle = {Clin Chim Acta},
  title        = {Prevalence of anti-NT5C1A antibodies in Japanese patients with autoimmune rheumatic diseases in comparison with other patient cohorts},
  doi          = {10.1016/j.cca.2017.07.002},
  issn         = {1873-3492 (Electronic)
0009-8981 (Linking)},
  pages        = {1--4},
  url          = {https://www.ncbi.nlm.nih.gov/pubmed/28687351},
  volume       = {472},
  type         = {Journal Article},
}

@Article{MuscleStudy2011,
  author       = {Muscle Study, Group},
  date         = {2011},
  journaltitle = {Ann Neurol},
  title        = {A randomized, pilot trial of etanercept in dermatomyositis},
  doi          = {10.1002/ana.22477},
  issn         = {1531-8249 (Electronic)
0364-5134 (Linking)},
  number       = {3},
  pages        = {427--36},
  url          = {https://www.ncbi.nlm.nih.gov/pubmed/21688301},
  volume       = {70},
  type         = {Journal Article},
}

@Article{Narang2015,
  author       = {Narang, N. S. and Casciola-Rosen, L. and Li, S. and Chung, L. and Fiorentino, D. F.},
  date         = {2015},
  journaltitle = {Arthritis Care Res (hoboken)},
  title        = {Cutaneous ulceration in dermatomyositis: association with anti-melanoma differentiation-associated gene 5 antibodies and interstitial lung disease},
  doi          = {10.1002/acr.22498},
  issn         = {2151-4658 (Electronic)
2151-464X (Linking)},
  number       = {5},
  pages        = {667--72},
  url          = {https://www.ncbi.nlm.nih.gov/pubmed/25331610},
  volume       = {67},
  type         = {Journal Article},
}

@Article{Narazaki2011,
  author       = {Narazaki, M. and Hagihara, K. and Shima, Y. and Ogata, A. and Kishimoto, T. and Tanaka, T.},
  date         = {2011},
  journaltitle = {Rheumatology (Oxford)},
  title        = {Therapeutic effect of tocilizumab on two patients with polymyositis},
  doi          = {10.1093/rheumatology/ker152},
  issn         = {1462-0332 (Electronic)
1462-0324 (Linking)},
  number       = {7},
  pages        = {1344--6},
  url          = {https://www.ncbi.nlm.nih.gov/pubmed/21515628},
  volume       = {50},
  type         = {Journal Article},
}

@Article{Noguchi2017,
  author       = {Noguchi, E. and Uruha, A. and Suzuki, S. and Hamanaka, K. and Ohnuki, Y. and Tsugawa, J. and Watanabe, Y. and Nakahara, J. and Shiina, T. and Suzuki, N. and Nishino, I.},
  date         = {2017},
  journaltitle = {JAMA Neurol},
  title        = {Skeletal Muscle Involvement in Antisynthetase Syndrome},
  doi          = {10.1001/jamaneurol.2017.0934},
  issn         = {2168-6157 (Electronic)
2168-6149 (Linking)},
  number       = {8},
  pages        = {992--999},
  url          = {https://www.ncbi.nlm.nih.gov/pubmed/28586844},
  volume       = {74},
  type         = {Journal Article},
}

@Article{Oddis2013,
  author       = {Oddis, C. V. and Reed, A. M. and Aggarwal, R. and Rider, L. G. and Ascherman, D. P. and Levesque, M. C. and Barohn, R. J. and Feldman, B. M. and Harris-Love, M. O. and Koontz, D. C. and Fertig, N. and Kelley, S. S. and Pryber, S. L. and Miller, F. W. and Rockette, H. E. and Group, R. I. M. Study},
  date         = {2013},
  journaltitle = {Arthritis Rheum},
  title        = {Rituximab in the treatment of refractory adult and juvenile dermatomyositis and adult polymyositis: a randomized, placebo-phase trial},
  doi          = {10.1002/art.37754},
  issn         = {1529-0131 (Electronic)
0004-3591 (Linking)},
  number       = {2},
  pages        = {314--24},
  url          = {https://www.ncbi.nlm.nih.gov/pubmed/23124935},
  volume       = {65},
  type         = {Journal Article},
}

@Article{Ohnuki2016,
  author       = {Ohnuki, Y. and Suzuki, S. and Shiina, T. and Uruha, A. and Watanabe, Y. and Suzuki, S. and Izumi, S. and Nakahara, J. and Hamanaka, K. and Takayama, K. and Suzuki, N. and Nishino, I.},
  date         = {2016},
  journaltitle = {Neurology},
  title        = {HLA-DRB1 alleles in immune-mediated necrotizing myopathy},
  doi          = {10.1212/WNL.0000000000003160},
  issn         = {1526-632X (Electronic)
0028-3878 (Linking)},
  number       = {18},
  pages        = {1954--1955},
  url          = {https://www.ncbi.nlm.nih.gov/pubmed/27581220},
  volume       = {87},
  type         = {Journal Article},
}

@Article{Oxenhandler1977,
  author       = {Oxenhandler, R. and Hart, M. and Corman, L. and Sharp, G. and Adelstein, E.},
  date         = {1977},
  journaltitle = {Arthritis Rheum},
  title        = {Pathology of skeletal muscle in mixed connective tissue disease},
  issn         = {0004-3591 (Print)
0004-3591 (Linking)},
  number       = {4},
  pages        = {985--8},
  url          = {https://www.ncbi.nlm.nih.gov/pubmed/324486},
  volume       = {20},
  type         = {Journal Article},
}

@Article{Paik2017,
  author       = {Paik, J. J. and Christopher-Stine, L.},
  date         = {2017},
  journaltitle = {Semin Arthritis Rheum},
  title        = {A case of refractory dermatomyositis responsive to tofacitinib},
  doi          = {10.1016/j.semarthrit.2016.08.009},
  issn         = {1532-866X (Electronic)
0049-0172 (Linking)},
  number       = {4},
  pages        = {e19},
  url          = {https://www.ncbi.nlm.nih.gov/pubmed/27642158},
  volume       = {46},
  type         = {Journal Article},
}

@Article{Patjes1926,
  author       = {Patjes, G. and Clejat, C.},
  date         = {1926},
  journaltitle = {Ann Derm Et Syphil Paris},
  title        = {Sclerose atrophic de la peau et myosite},
  pages        = {550--568},
  type         = {Journal Article},
}

@InBook{Pearson1979,
  author    = {Pearson, C. M.},
  booktitle = {Arthritis (and Allied Conditions)},
  date      = {1979},
  title     = {Polymyositis and dermatomyositis},
  chapter   = {52},
  edition   = {8},
  editor    = {DJ, McCarty},
  location  = {Philadelphia},
  pages     = {742--761},
  publisher = {Lea and Febiger Publishers},
  type      = {Book Section},
}

@Article{PinalFernandez2017,
  author       = {Pinal-Fernandez, I. and Casal-Dominguez, M. and Carrino, J. A. and Lahouti, A. H. and Basharat, P. and Albayda, J. and Paik, J. J. and Ahlawat, S. and Danoff, S. K. and Lloyd, T. E. and Mammen, A. L. and Christopher-Stine, L.},
  date         = {2017},
  journaltitle = {Ann Rheum Dis},
  title        = {Thigh muscle MRI in immune-mediated necrotising myopathy: extensive oedema, early muscle damage and role of anti-SRP autoantibodies as a marker of severity},
  doi          = {10.1136/annrheumdis-2016-210198},
  issn         = {1468-2060 (Electronic)
0003-4967 (Linking)},
  number       = {4},
  pages        = {681--687},
  url          = {https://www.ncbi.nlm.nih.gov/pubmed/27651398},
  volume       = {76},
  type         = {Journal Article},
}

@Article{PinalFernandez2017a,
  author       = {Pinal-Fernandez, I. and Casal-Dominguez, M. and Huapaya, J. A. and Albayda, J. and Paik, J. J. and Johnson, C. and Silhan, L. and Christopher-Stine, L. and Mammen, A. L. and Danoff, S. K.},
  date         = {2017},
  journaltitle = {Rheumatology (Oxford)},
  title        = {A longitudinal cohort study of the anti-synthetase syndrome: increased severity of interstitial lung disease in black patients and patients with anti-PL7 and anti-PL12 autoantibodies},
  doi          = {10.1093/rheumatology/kex021},
  issn         = {1462-0332 (Electronic)
1462-0324 (Linking)},
  number       = {6},
  pages        = {999--1007},
  url          = {https://www.ncbi.nlm.nih.gov/pubmed/28339994},
  volume       = {56},
  type         = {Journal Article},
}

@Article{PinalFernandez2015,
  author       = {Pinal-Fernandez, I. and Casciola-Rosen, L. A. and Christopher-Stine, L. and Corse, A. M. and Mammen, A. L.},
  date         = {2015},
  journaltitle = {J Rheumatol},
  title        = {The Prevalence of Individual Histopathologic Features Varies according to Autoantibody Status in Muscle Biopsies from Patients with Dermatomyositis},
  issn         = {0315-162X (Print)
0315-162X (Linking)},
  number       = {8},
  pages        = {1448--54},
  url          = {https://www.ncbi.nlm.nih.gov/pubmed/26443871},
  volume       = {42},
  type         = {Journal Article},
}

@Article{PinalFernandez2018,
  author       = {Pinal-Fernandez, I. and Ferrer-Fabregas, B. and Trallero-Araguas, E. and Balada, E. and Martinez, M. A. and Milisenda, J. C. and Aparicio-Espanol, G. and Labrador-Horrillo, M. and Garcia-Patos, V. and Grau-Junyent, J. M. and Selva-O'Callaghan, A.},
  date         = {2018},
  journaltitle = {Rheumatology (Oxford)},
  title        = {Tumour TIF1 mutations and loss of heterozygosity related to cancer-associated myositis},
  doi          = {10.1093/rheumatology/kex413},
  issn         = {1462-0332 (Electronic)
1462-0324 (Linking)},
  number       = {2},
  pages        = {388--396},
  url          = {https://www.ncbi.nlm.nih.gov/pubmed/29149307},
  volume       = {57},
  type         = {Journal Article},
}

@Article{PinalFernandez2015a,
  author       = {Pinal-Fernandez, I. and Pallisa-Nunez, E. and Selva-O'Callaghan, A. and Castella-Fierro, E. and Simeon-Aznar, C. P. and Fonollosa-Pla, V. and Vilardell-Tarres, M.},
  date         = {2015},
  journaltitle = {Clin Exp Rheumatol},
  title        = {Pleural irregularity, a new ultrasound sign for the study of interstitial lung disease in systemic sclerosis and antisynthetase syndrome},
  issn         = {0392-856X (Print)
0392-856X (Linking)},
  number       = {4 Suppl 91},
  pages        = {S136-41},
  url          = {https://www.ncbi.nlm.nih.gov/pubmed/26315813},
  volume       = {33},
  type         = {Journal Article},
}

@Article{PinalFernandez2017b,
  author       = {Pinal-Fernandez, I. and Parks, C. and Werner, J. L. and Albayda, J. and Paik, J. and Danoff, S. K. and Casciola-Rosen, L. and Christopher-Stine, L. and Mammen, A. L.},
  date         = {2017},
  journaltitle = {Arthritis Care Res (hoboken)},
  title        = {Longitudinal Course of Disease in a Large Cohort of Myositis Patients With Autoantibodies Recognizing the Signal Recognition Particle},
  doi          = {10.1002/acr.22920},
  issn         = {2151-4658 (Electronic)
2151-464X (Linking)},
  number       = {2},
  pages        = {263--270},
  url          = {https://www.ncbi.nlm.nih.gov/pubmed/27111848},
  volume       = {69},
  type         = {Journal Article},
}

@Article{Rapaport2013,
  author       = {Rapaport, F. and Khanin, R. and Liang, Y. and Pirun, M. and Krek, A. and Zumbo, P. and Mason, C. E. and Socci, N. D. and Betel, D.},
  date         = {2013},
  journaltitle = {Genome Biol},
  title        = {Comprehensive evaluation of differential gene expression analysis methods for RNA-seq data},
  doi          = {10.1186/gb-2013-14-9-r95},
  issn         = {1474-760X (Electronic)
1474-7596 (Linking)},
  number       = {9},
  pages        = {R95},
  url          = {https://www.ncbi.nlm.nih.gov/pubmed/24020486},
  volume       = {14},
  type         = {Journal Article},
}

@Article{Rigolet2012,
  author       = {Rigolet, A. and Musset, L. and Dubourg, O. and Maisonobe, T. and Grenier, P. and Charuel, J. L. and Behin, A. and Herson, S. and Amoura, Z. and Benveniste, O.},
  date         = {2012},
  journaltitle = {Medicine (Baltimore)},
  title        = {Inflammatory myopathies with anti-Ku antibodies: a prognosis dependent on associated lung disease},
  doi          = {10.1097/MD.0b013e31824d9cec},
  issn         = {1536-5964 (Electronic)
0025-7974 (Linking)},
  number       = {2},
  pages        = {95--102},
  url          = {https://www.ncbi.nlm.nih.gov/pubmed/22391471},
  volume       = {91},
  type         = {Journal Article},
}

@Article{Rojanaudomsart2011,
  author       = {Rojana-udomsart, A. and Needham, M. and Luo, Y. B. and Fabian, V. and Walters, S. and Zilko, P. J. and Mastaglia, F. L.},
  date         = {2011},
  journaltitle = {Clin Neurol Neurosurg},
  title        = {The association of sporadic inclusion body myositis and Sjogren's syndrome in carriers of HLA-DR3 and the 8.1 MHC ancestral haplotype},
  doi          = {10.1016/j.clineuro.2011.03.016},
  issn         = {1872-6968 (Electronic)
0303-8467 (Linking)},
  number       = {7},
  pages        = {559--63},
  url          = {https://www.ncbi.nlm.nih.gov/pubmed/21507567},
  volume       = {113},
  type         = {Journal Article},
}

@Article{Ruck2015,
  author       = {Ruck, T. and Bittner, S. and Kuhlmann, T. and Wiendl, H. and Meuth, S. G.},
  date         = {2015},
  journaltitle = {Rheumatology (Oxford)},
  title        = {Long-term efficacy of alemtuzumab in polymyositis},
  doi          = {10.1093/rheumatology/keu484},
  issn         = {1462-0332 (Electronic)
1462-0324 (Linking)},
  number       = {3},
  pages        = {560--2},
  url          = {https://www.ncbi.nlm.nih.gov/pubmed/25552256},
  volume       = {54},
  type         = {Journal Article},
}

@Article{Rutkove2002,
  author       = {Rutkove, S. B. and Parker, R. A. and Nardin, R. A. and Connolly, C. E. and Felice, K. J. and Raynor, E. M.},
  date         = {2002},
  journaltitle = {Neurology},
  title        = {A pilot randomized trial of oxandrolone in inclusion body myositis},
  issn         = {0028-3878 (Print)
0028-3878 (Linking)},
  number       = {7},
  pages        = {1081--7},
  url          = {https://www.ncbi.nlm.nih.gov/pubmed/11940697},
  volume       = {58},
  type         = {Journal Article},
}

@Article{Rygiel2016,
  author       = {Rygiel, K. A. and Tuppen, H. A. and Grady, J. P. and Vincent, A. and Blakely, E. L. and Reeve, A. K. and Taylor, R. W. and Picard, M. and Miller, J. and Turnbull, D. M.},
  date         = {2016},
  journaltitle = {Nucleic Acids Res},
  title        = {Complex mitochondrial DNA rearrangements in individual cells from patients with sporadic inclusion body myositis},
  doi          = {10.1093/nar/gkw382},
  issn         = {1362-4962 (Electronic)
0305-1048 (Linking)},
  number       = {11},
  pages        = {5313--29},
  url          = {https://www.ncbi.nlm.nih.gov/pubmed/27131788},
  volume       = {44},
  type         = {Journal Article},
}

@Article{Salajegheh2010,
  author       = {Salajegheh, M. and Kong, S. W. and Pinkus, J. L. and Walsh, R. J. and Liao, A. and Nazareno, R. and Amato, A. A. and Krastins, B. and Morehouse, C. and Higgs, B. W. and Jallal, B. and Yao, Y. and Sarracino, D. A. and Parker, K. C. and Greenberg, S. A.},
  date         = {2010},
  journaltitle = {Ann Neurol},
  title        = {Interferon-stimulated gene 15 (ISG15) conjugates proteins in dermatomyositis muscle with perifascicular atrophy},
  doi          = {10.1002/ana.21805},
  issn         = {1531-8249 (Electronic)
0364-5134 (Linking)},
  number       = {1},
  pages        = {53--63},
  url          = {https://www.ncbi.nlm.nih.gov/pubmed/20186858},
  volume       = {67},
  type         = {Journal Article},
}

@Article{Sancricca2011,
  author       = {Sancricca, C. and Mora, M. and Ricci, E. and Tonali, P. A. and Mantegazza, R. and Mirabella, M.},
  date         = {2011},
  journaltitle = {Neurol Sci},
  title        = {Pilot trial of simvastatin in the treatment of sporadic inclusion-body myositis},
  doi          = {10.1007/s10072-011-0657-6},
  issn         = {1590-3478 (Electronic)
1590-1874 (Linking)},
  number       = {5},
  pages        = {841--7},
  url          = {https://www.ncbi.nlm.nih.gov/pubmed/21695654},
  volume       = {32},
  type         = {Journal Article},
}

@Article{Sathi2012,
  author       = {Sathi, N. and Chikura, B. and Kaushik, V. V. and Wiswell, R. and Dawson, J. K.},
  date         = {2012},
  journaltitle = {Clin Rheumatol},
  title        = {How common is methotrexate pneumonitis? A large prospective study investigates},
  doi          = {10.1007/s10067-011-1758-6},
  issn         = {1434-9949 (Electronic)
0770-3198 (Linking)},
  number       = {1},
  pages        = {79--83},
  url          = {https://www.ncbi.nlm.nih.gov/pubmed/21638023},
  volume       = {31},
  type         = {Journal Article},
}

@Article{Sato2009,
  author       = {Sato, S. and Hoshino, K. and Satoh, T. and Fujita, T. and Kawakami, Y. and Fujita, T. and Kuwana, M.},
  date         = {2009},
  journaltitle = {Arthritis Rheum},
  title        = {RNA helicase encoded by melanoma differentiation-associated gene 5 is a major autoantigen in patients with clinically amyopathic dermatomyositis: Association with rapidly progressive interstitial lung disease},
  doi          = {10.1002/art.24621},
  issn         = {0004-3591 (Print)
0004-3591 (Linking)},
  number       = {7},
  pages        = {2193--200},
  url          = {https://www.ncbi.nlm.nih.gov/pubmed/19565506},
  volume       = {60},
  type         = {Journal Article},
}

@Article{Schiffenbauer2017,
  author       = {Schiffenbauer, A. and Garg, M. and Castro, C. and Pokrovnichka, A. and Joe, G. and Shrader, J. and Cabalar, I. V. and Faghihi-Kashani, S. and Harris-Love, M. O. and Plotz, P. H. and Miller, F. W. and Gourley, M.},
  date         = {2017},
  journaltitle = {Semin Arthritis Rheum},
  title        = {A randomized, double-blind, placebo-controlled trial of infliximab in refractory polymyositis and dermatomyositis},
  doi          = {10.1016/j.semarthrit.2017.10.010},
  issn         = {1532-866X (Electronic)
0049-0172 (Linking)},
  url          = {https://www.ncbi.nlm.nih.gov/pubmed/29174792},
  type         = {Journal Article},
}

@Article{Schmidt2016,
  author       = {Schmidt, K. and Kleinschnitz, K. and Rakocevic, G. and Dalakas, M. C. and Schmidt, J.},
  date         = {2016},
  journaltitle = {BMC Neurol},
  title        = {Molecular treatment effects of alemtuzumab in skeletal muscles of patients with IBM},
  doi          = {10.1186/s12883-016-0568-5},
  issn         = {1471-2377 (Electronic)
1471-2377 (Linking)},
  pages        = {48},
  url          = {https://www.ncbi.nlm.nih.gov/pubmed/27083892},
  volume       = {16},
  type         = {Journal Article},
}

@Article{Schrey2017,
  author       = {Schrey, A. and Airas, L. and Jokela, M. and Pulkkinen, J.},
  date         = {2017},
  journaltitle = {J Neurol Sci},
  title        = {Botulinum toxin alleviates dysphagia of patients with inclusion body myositis},
  doi          = {10.1016/j.jns.2017.07.031},
  issn         = {1878-5883 (Electronic)
0022-510X (Linking)},
  pages        = {142--147},
  url          = {https://www.ncbi.nlm.nih.gov/pubmed/28870555},
  volume       = {380},
  type         = {Journal Article},
}

@Article{Sontheimer2002,
  author       = {Sontheimer, R. D.},
  date         = {2002},
  journaltitle = {J Am Acad Dermatol},
  title        = {Would a new name hasten the acceptance of amyopathic dermatomyositis (dermatomyositis sine myositis) as a distinctive subset within the idiopathic inflammatory dermatomyopathies spectrum of clinical illness?},
  doi          = {10.1067/mjd.2002.120621},
  issn         = {0190-9622 (Print)
0190-9622 (Linking)},
  number       = {4},
  pages        = {626--36},
  url          = {https://www.ncbi.nlm.nih.gov/pubmed/11907524},
  volume       = {46},
  type         = {Journal Article},
}

@Article{Stenzel2015,
  author       = {Stenzel, W. and Preusse, C. and Allenbach, Y. and Pehl, D. and Junckerstorff, R. and Heppner, F. L. and Nolte, K. and Aronica, E. and Kana, V. and Rushing, E. and Schneider, U. and Claeys, K. G. and Benveniste, O. and Weis, J. and Goebel, H. H.},
  date         = {2015},
  journaltitle = {Neurology},
  title        = {Nuclear actin aggregation is a hallmark of anti-synthetase syndrome-induced dysimmune myopathy},
  doi          = {10.1212/WNL.0000000000001422},
  issn         = {1526-632X (Electronic)
0028-3878 (Linking)},
  number       = {13},
  pages        = {1346--54},
  url          = {https://www.ncbi.nlm.nih.gov/pubmed/25746564},
  volume       = {84},
  type         = {Journal Article},
}

@Article{Stertz1916,
  author       = {Stertz, G.},
  date         = {1916},
  journaltitle = {Berl Klin Wochenshr},
  title        = {Polymyositis.},
  pages        = {489},
  volume       = {53},
  type         = {Journal Article},
}

@Article{SuarezCalvet2017,
  author       = {Suarez-Calvet, X. and Gallardo, E. and Pinal-Fernandez, I. and De Luna, N. and Lleixa, C. and Diaz-Manera, J. and Rojas-Garcia, R. and Castellvi, I. and Martinez, M. A. and Grau, J. M. and Selva-O'Callaghan, A. and Illa, I.},
  date         = {2017},
  journaltitle = {Arthritis Res Ther},
  title        = {RIG-I expression in perifascicular myofibers is a reliable biomarker of dermatomyositis},
  doi          = {10.1186/s13075-017-1383-0},
  issn         = {1478-6362 (Electronic)
1478-6354 (Linking)},
  number       = {1},
  pages        = {174},
  url          = {https://www.ncbi.nlm.nih.gov/pubmed/28738907},
  volume       = {19},
  type         = {Journal Article},
}

@Article{Suzuki2015,
  author       = {Suzuki, S. and Nishikawa, A. and Kuwana, M. and Nishimura, H. and Watanabe, Y. and Nakahara, J. and Hayashi, Y. K. and Suzuki, N. and Nishino, I.},
  date         = {2015},
  journaltitle = {Orphanet J Rare Dis},
  title        = {Inflammatory myopathy with anti-signal recognition particle antibodies: case series of 100 patients},
  doi          = {10.1186/s13023-015-0277-y},
  issn         = {1750-1172 (Electronic)
1750-1172 (Linking)},
  pages        = {61},
  url          = {https://www.ncbi.nlm.nih.gov/pubmed/25963141},
  volume       = {10},
  type         = {Journal Article},
}

@Article{Targoff1990,
  author       = {Targoff, I. N. and Johnson, A. E. and Miller, F. W.},
  date         = {1990},
  journaltitle = {Arthritis Rheum},
  title        = {Antibody to signal recognition particle in polymyositis},
  issn         = {0004-3591 (Print)
0004-3591 (Linking)},
  number       = {9},
  pages        = {1361--70},
  url          = {https://www.ncbi.nlm.nih.gov/pubmed/2403400},
  volume       = {33},
  type         = {Journal Article},
}

@Article{Tasca2015,
  author       = {Tasca, G. and Monforte, M. and De Fino, C. and Kley, R. A. and Ricci, E. and Mirabella, M.},
  date         = {2015},
  journaltitle = {Muscle Nerve},
  title        = {Magnetic resonance imaging pattern recognition in sporadic inclusion-body myositis},
  doi          = {10.1002/mus.24661},
  issn         = {1097-4598 (Electronic)
0148-639X (Linking)},
  number       = {6},
  pages        = {956--62},
  url          = {https://www.ncbi.nlm.nih.gov/pubmed/25808807},
  volume       = {52},
  type         = {Journal Article},
}

@Article{Tawara2017,
  author       = {Tawara, N. and Yamashita, S. and Zhang, X. and Korogi, M. and Zhang, Z. and Doki, T. and Matsuo, Y. and Nakane, S. and Maeda, Y. and Sugie, K. and Suzuki, N. and Aoki, M. and Ando, Y.},
  date         = {2017},
  journaltitle = {Ann Neurol},
  title        = {Pathomechanisms of anti-cytosolic 5'-nucleotidase 1A autoantibodies in sporadic inclusion body myositis},
  doi          = {10.1002/ana.24919},
  issn         = {1531-8249 (Electronic)
0364-5134 (Linking)},
  number       = {4},
  pages        = {512--525},
  url          = {https://www.ncbi.nlm.nih.gov/pubmed/28318044},
  volume       = {81},
  type         = {Journal Article},
}

@Article{Teruya2013,
  author       = {Teruya, A. and Kawamura, K. and Ichikado, K. and Sato, S. and Yasuda, Y. and Yoshioka, M.},
  date         = {2013},
  journaltitle = {Chest},
  title        = {Successful polymyxin B hemoperfusion treatment associated with serial reduction of serum anti-CADM-140/MDA5 antibody levels in rapidly progressive interstitial lung disease with amyopathic dermatomyositis},
  doi          = {10.1378/chest.13-0186},
  issn         = {1931-3543 (Electronic)
0012-3692 (Linking)},
  number       = {6},
  pages        = {1934--1936},
  url          = {https://www.ncbi.nlm.nih.gov/pubmed/24297126},
  volume       = {144},
  type         = {Journal Article},
}

@Article{Tiniakou2017,
  author       = {Tiniakou, E. and Pinal-Fernandez, I. and Lloyd, T. E. and Albayda, J. and Paik, J. and Werner, J. L. and Parks, C. A. and Casciola-Rosen, L. and Christopher-Stine, L. and Mammen, A. L.},
  date         = {2017},
  journaltitle = {Rheumatology (Oxford)},
  title        = {More severe disease and slower recovery in younger patients with anti-3-hydroxy-3-methylglutaryl-coenzyme A reductase-associated autoimmune myopathy},
  doi          = {10.1093/rheumatology/kew470},
  issn         = {1462-0332 (Electronic)
1462-0324 (Linking)},
  number       = {5},
  pages        = {787--794},
  url          = {https://www.ncbi.nlm.nih.gov/pubmed/28096458},
  volume       = {56},
  type         = {Journal Article},
}

@Article{Tjarnlund2018,
  author       = {Tjarnlund, A. and Tang, Q. and Wick, C. and Dastmalchi, M. and Mann, H. and Tomasova Studynkova, J. and Chura, R. and Gullick, N. J. and Salerno, R. and Ronnelid, J. and Alexanderson, H. and Lindroos, E. and Aggarwal, R. and Gordon, P. and Vencovsky, J. and Lundberg, I. E.},
  date         = {2018},
  journaltitle = {Ann Rheum Dis},
  title        = {Abatacept in the treatment of adult dermatomyositis and polymyositis: a randomised, phase IIb treatment delayed-start trial},
  doi          = {10.1136/annrheumdis-2017-211751},
  issn         = {1468-2060 (Electronic)
0003-4967 (Linking)},
  number       = {1},
  pages        = {55--62},
  url          = {https://www.ncbi.nlm.nih.gov/pubmed/28993346},
  volume       = {77},
  type         = {Journal Article},
}

@Article{TralleroAraguas2016,
  author       = {Trallero-Araguas, E. and Grau-Junyent, J. M. and Labirua-Iturburu, A. and Garcia-Hernandez, F. J. and Monteagudo-Jimenez, M. and Fraile-Rodriguez, G. and Les-Bujanda, I. and Rodriguez-Carballeira, M. and Saez-Comet, L. and Selva-O'Callaghan, A. and Group, I. I. M. Study and Autoimmune Diseases Study Group of the Spanish Society of Internal, Medicine},
  date         = {2016},
  journaltitle = {Semin Arthritis Rheum},
  title        = {Clinical manifestations and long-term outcome of anti-Jo1 antisynthetase patients in a large cohort of Spanish patients from the GEAS-IIM group},
  doi          = {10.1016/j.semarthrit.2016.03.011},
  issn         = {1532-866X (Electronic)
0049-0172 (Linking)},
  number       = {2},
  pages        = {225--31},
  url          = {https://www.ncbi.nlm.nih.gov/pubmed/27139168},
  volume       = {46},
  type         = {Journal Article},
}

@Article{TralleroAraguas2012,
  author       = {Trallero-Araguas, E. and Rodrigo-Pendas, J. A. and Selva-O'Callaghan, A. and Martinez-Gomez, X. and Bosch, X. and Labrador-Horrillo, M. and Grau-Junyent, J. M. and Vilardell-Tarres, M.},
  date         = {2012},
  journaltitle = {Arthritis Rheum},
  title        = {Usefulness of anti-p155 autoantibody for diagnosing cancer-associated dermatomyositis: a systematic review and meta-analysis},
  doi          = {10.1002/art.33379},
  issn         = {1529-0131 (Electronic)
0004-3591 (Linking)},
  number       = {2},
  pages        = {523--32},
  url          = {https://www.ncbi.nlm.nih.gov/pubmed/21953614},
  volume       = {64},
  type         = {Journal Article},
}

@Article{Unverricht1887,
  author       = {Unverricht, H.},
  date         = {1887},
  journaltitle = {Z Klin Med},
  title        = {Polymyositis acuta progressive},
  number       = {553},
  volume       = {12},
  type         = {Journal Article},
}

@Article{Unverricht1891,
  author       = {Unverricht, H.},
  date         = {1891},
  journaltitle = {Dtsch Med Wochenschr},
  title        = {Dermatomyositis acuta},
  pages        = {41--44},
  volume       = {17},
  type         = {Journal Article},
}

@Article{Uruha2017,
  author       = {Uruha, A. and Nishikawa, A. and Tsuburaya, R. S. and Hamanaka, K. and Kuwana, M. and Watanabe, Y. and Suzuki, S. and Suzuki, N. and Nishino, I.},
  date         = {2017},
  journaltitle = {Neurology},
  title        = {Sarcoplasmic MxA expression: A valuable marker of dermatomyositis},
  doi          = {10.1212/WNL.0000000000003568},
  issn         = {1526-632X (Electronic)
0028-3878 (Linking)},
  number       = {5},
  pages        = {493--500},
  url          = {https://www.ncbi.nlm.nih.gov/pubmed/28039312},
  volume       = {88},
  type         = {Journal Article},
}

@Article{VanDeVlekkert2015,
  author       = {Van De Vlekkert, J. and Maas, M. and Hoogendijk, J. E. and De Visser, M. and Van Schaik, I. N.},
  date         = {2015},
  journaltitle = {Muscle Nerve},
  title        = {Combining MRI and muscle biopsy improves diagnostic accuracy in subacute-onset idiopathic inflammatory myopathy},
  doi          = {10.1002/mus.24307},
  issn         = {1097-4598 (Electronic)
0148-639X (Linking)},
  number       = {2},
  pages        = {253--8},
  url          = {https://www.ncbi.nlm.nih.gov/pubmed/24895239},
  volume       = {51},
  type         = {Journal Article},
}

@Article{Meulen2003,
  author       = {van der Meulen, M. F. and Bronner, I. M. and Hoogendijk, J. E. and Burger, H. and van Venrooij, W. J. and Voskuyl, A. E. and Dinant, H. J. and Linssen, W. H. and Wokke, J. H. and de Visser, M.},
  date         = {2003},
  journaltitle = {Neurology},
  title        = {Polymyositis: an overdiagnosed entity},
  issn         = {1526-632X (Electronic)
0028-3878 (Linking)},
  number       = {3},
  pages        = {316--21},
  url          = {https://www.ncbi.nlm.nih.gov/pubmed/12913190},
  volume       = {61},
  type         = {Journal Article},
}

@Article{Vancsa2009,
  author       = {Vancsa, A. and Csipo, I. and Nemeth, J. and Devenyi, K. and Gergely, L. and Danko, K.},
  date         = {2009},
  journaltitle = {Rheumatol Int},
  title        = {Characteristics of interstitial lung disease in SS-A positive/Jo-1 positive inflammatory myopathy patients},
  doi          = {10.1007/s00296-009-0884-9},
  issn         = {1437-160X (Electronic)
0172-8172 (Linking)},
  number       = {9},
  pages        = {989--94},
  url          = {https://www.ncbi.nlm.nih.gov/pubmed/19266202},
  volume       = {29},
  type         = {Journal Article},
}

@Article{Vencovsky2000,
  author       = {Vencovsky, J. and Jarosova, K. and Machacek, S. and Studynkova, J. and Kafkova, J. and Bartunkova, J. and Nemcova, D. and Charvat, F.},
  date         = {2000},
  journaltitle = {Scand J Rheumatol},
  title        = {Cyclosporine A versus methotrexate in the treatment of polymyositis and dermatomyositis},
  issn         = {0300-9742 (Print)
0300-9742 (Linking)},
  number       = {2},
  pages        = {95--102},
  url          = {https://www.ncbi.nlm.nih.gov/pubmed/10777122},
  volume       = {29},
  type         = {Journal Article},
}

@Article{Vianna2004,
  author       = {Vianna, M. A. and Borges, C. T. and Borba, E. F. and Caleiro, M. T. and Bonfa, E. and Marie, S. K.},
  date         = {2004},
  journaltitle = {Arq Neuropsiquiatr},
  title        = {Myositis in mixed connective tissue disease: a unique syndrome characterized by immunohistopathologic elements of both polymyositis and dermatomyositis},
  doi          = {/S0004-282X2004000600001},
  issn         = {0004-282X (Print)
0004-282X (Linking)},
  number       = {4},
  pages        = {923--34},
  url          = {https://www.ncbi.nlm.nih.gov/pubmed/15608947},
  volume       = {62},
  type         = {Journal Article},
}

@Article{Vilela2015,
  author       = {Vilela, V. S. and Prieto-Gonzalez, S. and Milisenda, J. C. and Selva, O. Callaghan A. and Grau, J. M.},
  date         = {2015},
  journaltitle = {Rheumatol Int},
  title        = {Polymyositis, a very uncommon isolated disease: clinical and histological re-evaluation after long-term follow-up},
  doi          = {10.1007/s00296-014-3198-5},
  issn         = {1437-160X (Electronic)
0172-8172 (Linking)},
  number       = {5},
  pages        = {915--20},
  url          = {https://www.ncbi.nlm.nih.gov/pubmed/25547622},
  volume       = {35},
  type         = {Journal Article},
}

@Article{Walsh2007,
  author       = {Walsh, R. J. and Kong, S. W. and Yao, Y. and Jallal, B. and Kiener, P. A. and Pinkus, J. L. and Beggs, A. H. and Amato, A. A. and Greenberg, S. A.},
  date         = {2007},
  journaltitle = {Arthritis Rheum},
  title        = {Type I interferon-inducible gene expression in blood is present and reflects disease activity in dermatomyositis and polymyositis},
  doi          = {10.1002/art.22928},
  issn         = {0004-3591 (Print)
0004-3591 (Linking)},
  number       = {11},
  pages        = {3784--92},
  url          = {https://www.ncbi.nlm.nih.gov/pubmed/17968926},
  volume       = {56},
  type         = {Journal Article},
}

@Article{Watanabe2016,
  author       = {Watanabe, Y. and Uruha, A. and Suzuki, S. and Nakahara, J. and Hamanaka, K. and Takayama, K. and Suzuki, N. and Nishino, I.},
  date         = {2016},
  journaltitle = {J Neurol Neurosurg Psychiatry},
  title        = {Clinical features and prognosis in anti-SRP and anti-HMGCR necrotising myopathy},
  doi          = {10.1136/jnnp-2016-313166},
  issn         = {1468-330X (Electronic)
0022-3050 (Linking)},
  number       = {10},
  pages        = {1038--44},
  url          = {https://www.ncbi.nlm.nih.gov/pubmed/27147697},
  volume       = {87},
  type         = {Journal Article},
}

@Article{Wong2012,
  author       = {Wong, D. and Kea, B. and Pesich, R. and Higgs, B. W. and Zhu, W. and Brown, P. and Yao, Y. and Fiorentino, D.},
  date         = {2012},
  journaltitle = {PLoS One},
  title        = {Interferon and biologic signatures in dermatomyositis skin: specificity and heterogeneity across diseases},
  doi          = {10.1371/journal.pone.0029161},
  issn         = {1932-6203 (Electronic)
1932-6203 (Linking)},
  number       = {1},
  pages        = {e29161},
  url          = {https://www.ncbi.nlm.nih.gov/pubmed/22235269},
  volume       = {7},
  type         = {Journal Article},
}

@Article{Zong2014,
  author       = {Zong, M. and Dorph, C. and Dastmalchi, M. and Alexanderson, H. and Pieper, J. and Amoudruz, P. and Barbasso Helmers, S. and Nennesmo, I. and Malmstrom, V. and Lundberg, I. E.},
  date         = {2014},
  journaltitle = {Ann Rheum Dis},
  title        = {Anakinra treatment in patients with refractory inflammatory myopathies and possible predictive response biomarkers: a mechanistic study with 12 months follow-up},
  doi          = {10.1136/annrheumdis-2012-202857},
  issn         = {1468-2060 (Electronic)
0003-4967 (Linking)},
  number       = {5},
  pages        = {913--20},
  url          = {https://www.ncbi.nlm.nih.gov/pubmed/23625983},
  volume       = {73},
  type         = {Journal Article},
}

@Article{SelvaOCallaghan2018,
  author       = {Selva-O'Callaghan, Albert and Pinal-Fernandez, Iago and Trallero-Araguas, Ernesto and Milisenda, Jose Cesar and Grau-Junyent, Josep Maria and Mammen, Andrew L.},
  date         = {2018},
  journaltitle = {Lancet Neurol},
  title        = {Classification and management of adult inflammatory myopathies},
  doi          = {10.1016/s1474-4422(18)30254-0},
  issn         = {1474-4422},
  number       = {9},
  pages        = {816--828},
  volume       = {17},
  publisher    = {Elsevier {BV}},
}

@Article{Love1991,
  author          = {Love, L. A. and Leff, R. L. and Fraser, D. D. and Targoff, I. N. and Dalakas, M. and Plotz, P. H. and Miller, F. W.},
  date            = {1991-11},
  journaltitle    = {Medicine (Baltimore)},
  title           = {A new approach to the classification of idiopathic inflammatory myopathy: myositis-specific autoantibodies define useful homogeneous patient groups.},
  doi             = {10.1097/00005792-199111000-00002},
  issn            = {0025-7974},
  issue           = {6},
  pages           = {360--374},
  pubstate        = {ppublish},
  volume          = {70},
  chemicals       = {Autoantibodies, HLA Antigens},
  citation-subset = {AIM, IM},
  completed       = {1991-12-31},
  country         = {United States},
  issn-linking    = {0025-7974},
  keywords        = {Adult; Autoantibodies, analysis; Dermatomyositis, classification, immunology; Female; HLA Antigens, analysis; Humans; Immunogenetics; Inclusion Bodies, ultrastructure; Male; Middle Aged; Myositis, classification, immunology, pathology; Prognosis},
  nlm-id          = {2985248R},
  owner           = {NLM},
  pmid            = {1659647},
  pubmodel        = {Print},
  revised         = {2019-06-06},
}

@Article{Nishikai1980,
  author          = {Nishikai, M. and Reichlin, M.},
  date            = {1980-08},
  journaltitle    = {Arthritis Rheum},
  title           = {Heterogeneity of precipitating antibodies in polymyositis and dermatomyositis. Characterization of the Jo-1 antibody system.},
  doi             = {10.1002/art.1780230802},
  issn            = {0004-3591},
  issue           = {8},
  pages           = {881--888},
  pubstate        = {ppublish},
  volume          = {23},
  chemicals       = {Antibodies, Antigens, Immunoglobulin G, Precipitins, Deoxyribonucleases, Ribonucleases, Trypsin},
  citation-subset = {AIM, IM},
  completed       = {1980-10-27},
  country         = {United States},
  issn-linking    = {0004-3591},
  keywords        = {Antibodies; Antibody Specificity; Antigens, isolation & purification; Chemical Precipitation; Deoxyribonucleases, pharmacology; Dermatomyositis, immunology; Humans; Immunoglobulin G; Myositis, immunology; Organ Specificity; Precipitins; Ribonucleases, pharmacology; Species Specificity; Trypsin, pharmacology},
  nlm-id          = {0370605},
  owner           = {NLM},
  pmid            = {7406938},
  pubmodel        = {Print},
  revised         = {2019-07-18},
}

@Article{Targoff1985,
  author          = {Targoff, I. N. and Reichlin, M.},
  date            = {1985-07},
  journaltitle    = {Arthritis Rheum},
  title           = {The association between Mi-2 antibodies and dermatomyositis.},
  doi             = {10.1002/art.1780280711},
  issn            = {0004-3591},
  issue           = {7},
  pages           = {796--803},
  pubstate        = {ppublish},
  volume          = {28},
  chemicals       = {Antigens, Autoantibodies, Epitopes, Mi-2 antibodies},
  citation-subset = {AIM, IM},
  completed       = {1985-08-22},
  country         = {United States},
  issn-linking    = {0004-3591},
  keywords        = {Antibody Specificity; Antigens, immunology; Autoantibodies, analysis; Complement Fixation Tests; Connective Tissue Diseases, immunology; Dermatomyositis, immunology; Enzyme-Linked Immunosorbent Assay; Epitopes, immunology; Female; Humans; Middle Aged; Myositis, immunology},
  nlm-id          = {0370605},
  owner           = {NLM},
  pmid            = {2409985},
  pubmodel        = {Print},
  revised         = {2019-07-18},
}

@Article{Reichlin1976,
  author          = {Reichlin, M. and Mattioli, M.},
  date            = {1976-01},
  journaltitle    = {Clin Immunol Immunopathol},
  title           = {Description of a serological reaction characteristic of polymyositis.},
  doi             = {10.1016/0090-1229(76)90145-8},
  issn            = {0090-1229},
  issue           = {1},
  pages           = {12--20},
  pubstate        = {ppublish},
  volume          = {5},
  chemicals       = {Antigens, Immunoglobulin G, Thymus Extracts, Papain},
  citation-subset = {IM},
  completed       = {1976-07-06},
  country         = {United States},
  issn-linking    = {0090-1229},
  keywords        = {Animals; Antibody Specificity; Antigens, analysis; Cattle; Complement Fixation Tests; Dermatomyositis, immunology; Humans; Immunoelectrophoresis; Immunoglobulin G, analysis; Myositis, immunology; Papain, pharmacology; Thymus Extracts, immunology},
  nlm-id          = {0356637},
  owner           = {NLM},
  pmid            = {1261095},
  pubmodel        = {Print},
  revised         = {2019-08-19},
}

@Article{EmslieSmith1991,
  author          = {Emslie-Smith, A. M. and Engel, A. G.},
  date            = {1991-06},
  journaltitle    = {Neurology},
  title           = {Necrotizing myopathy with pipestem capillaries, microvascular deposition of the complement membrane attack complex (MAC), and minimal cellular infiltration.},
  doi             = {10.1212/wnl.41.6.936},
  issn            = {0028-3878},
  issue           = {6},
  pages           = {936--939},
  pubstate        = {ppublish},
  volume          = {41},
  chemicals       = {Complement Membrane Attack Complex},
  citation-subset = {AIM, IM},
  completed       = {1991-07-16},
  country         = {United States},
  issn-linking    = {0028-3878},
  keywords        = {Aged; Carcinoma, Transitional Cell, pathology, therapy; Complement Membrane Attack Complex, immunology; Connective Tissue Diseases, immunology, pathology; Endothelium, Vascular, ultrastructure; Female; Humans; Immunohistochemistry; Immunotherapy; Male; Microscopy, Electron; Middle Aged; Muscles, blood supply, pathology, ultrastructure; Muscular Diseases, pathology; Necrosis; Urinary Bladder Neoplasms, pathology, therapy},
  nlm-id          = {0401060},
  owner           = {NLM},
  pmid            = {2046947},
  pubmodel        = {Print},
  revised         = {2019-05-14},
}

@Article{Hochberg1984,
  author          = {Hochberg, M. C. and Feldman, D. and Stevens, M. B. and Arnett, F. C. and Reichlin, M.},
  date            = {1984-10},
  journaltitle    = {J Rheumatol},
  title           = {Antibody to Jo-1 in polymyositis/dermatomyositis: association with interstitial pulmonary disease.},
  issn            = {0315-162X},
  issue           = {5},
  pages           = {663--665},
  pubstate        = {ppublish},
  volume          = {11},
  chemicals       = {Antibodies, Antinuclear},
  citation-subset = {IM},
  completed       = {1985-02-11},
  country         = {Canada},
  issn-linking    = {0315-162X},
  keywords        = {Adult; Antibodies, Antinuclear, analysis; Connective Tissue Diseases, immunology; Dermatomyositis, diagnosis, immunology; Female; Humans; Male; Middle Aged; Myositis, diagnosis, immunology; Neoplasms, immunology; Pulmonary Fibrosis, diagnosis, immunology},
  nlm-id          = {7501984},
  owner           = {NLM},
  pmid            = {6334746},
  pubmodel        = {Print},
  revised         = {2007-11-14},
}

@Article{Bohan1975,
  author          = {Bohan, A. and Peter, J. B.},
  date            = {1975-02},
  journaltitle    = {N Engl J Med},
  title           = {Polymyositis and dermatomyositis (second of two parts).},
  doi             = {10.1056/NEJM197502202920807},
  issn            = {0028-4793},
  issue           = {8},
  pages           = {403--407},
  pubstate        = {ppublish},
  volume          = {292},
  chemicals       = {Adrenal Cortex Hormones, Autoantibodies, Immunosuppressive Agents, L-Lactate Dehydrogenase, Transaminases, Creatine Kinase, Myosins, Fructose-Bisphosphate Aldolase},
  citation-subset = {AIM, IM},
  completed       = {1975-04-17},
  country         = {United States},
  issn-linking    = {0028-4793},
  keywords        = {Adrenal Cortex Hormones, therapeutic use; Adult; Animals; Atrophy; Autoantibodies, analysis; Biopsy; Child; Creatine Kinase, blood; Dermatomyositis, diagnosis, drug therapy; Electromyography; Fructose-Bisphosphate Aldolase, blood; Guinea Pigs; Humans; Immunosuppressive Agents, therapeutic use; L-Lactate Dehydrogenase, blood; Microscopy, Electron; Muscles, pathology, ultrastructure; Myosins, immunology; Myositis, diagnosis, drug therapy; Necrosis; Neoplasms, complications; Prognosis; Rats; Transaminases, blood; Virus Diseases, complications},
  nlm-id          = {0255562},
  owner           = {NLM},
  pmid            = {1089199},
  pubmodel        = {Print},
  references      = {50},
  revised         = {2009-11-19},
}

@Article{Tanimoto1995,
  author          = {Tanimoto, K. and Nakano, K. and Kano, S. and Mori, S. and Ueki, H. and Nishitani, H. and Sato, T. and Kiuchi, T. and Ohashi, Y.},
  date            = {1995-04},
  journaltitle    = {J Rheumatol},
  title           = {Classification criteria for polymyositis and dermatomyositis.},
  issn            = {0315-162X},
  issue           = {4},
  pages           = {668--674},
  pubstate        = {ppublish},
  volume          = {22},
  citation-subset = {IM},
  completed       = {1995-07-27},
  country         = {Canada},
  issn-linking    = {0315-162X},
  keywords        = {Dermatomyositis, classification, pathology, physiopathology; Humans; Lupus Erythematosus, Systemic, pathology, physiopathology; Muscles, physiopathology; Neuromuscular Diseases, pathology, physiopathology; Polymyositis, classification, pathology, physiopathology; Scleroderma, Systemic, pathology, physiopathology; Sensitivity and Specificity; Skin, pathology},
  nlm-id          = {7501984},
  owner           = {NLM},
  pmid            = {7791161},
  pubmodel        = {Print},
  revised         = {2010-03-24},
}

@Article{Targoff1997,
  author          = {Targoff, I. N. and Miller, F. W. and Medsger, T. A. and Oddis, C. V.},
  date            = {1997-11},
  journaltitle    = {Curr Opin Rheumatol},
  title           = {Classification criteria for the idiopathic inflammatory myopathies.},
  doi             = {10.1097/00002281-199711000-00008},
  issn            = {1040-8711},
  issue           = {6},
  pages           = {527--535},
  pubstate        = {ppublish},
  volume          = {9},
  chemicals       = {Autoantibodies},
  citation-subset = {IM},
  completed       = {1998-01-13},
  country         = {United States},
  issn-linking    = {1040-8711},
  keywords        = {Autoantibodies, immunology; Dermatomyositis, classification; Humans; Myositis, classification, diagnosis, immunology; Polymyositis, classification},
  nlm-id          = {9000851},
  owner           = {NLM},
  pmid            = {9375282},
  pubmodel        = {Print},
  references      = {60},
  revised         = {2019-09-14},
}

@Article{Dalakas2003,
  author          = {Dalakas, Marinos C. and Hohlfeld, Reinhard},
  date            = {2003-09},
  journaltitle    = {Lancet},
  title           = {Polymyositis and dermatomyositis.},
  doi             = {10.1016/S0140-6736(03)14368-1},
  issn            = {1474-547X},
  issue           = {9388},
  pages           = {971--982},
  pubstate        = {ppublish},
  volume          = {362},
  citation-subset = {AIM, IM},
  completed       = {2003-11-19},
  country         = {England},
  issn-linking    = {0140-6736},
  keywords        = {Dermatomyositis, diagnosis, drug therapy, immunology; Diagnosis, Differential; Humans; Immunotherapy; Myositis, Inclusion Body, diagnosis, drug therapy, immunology; Polymyositis, diagnosis, drug therapy, immunology; Prognosis},
  nlm-id          = {2985213R},
  owner           = {NLM},
  pii             = {S0140-6736(03)14368-1},
  pmid            = {14511932},
  pubmodel        = {Print},
  references      = {156},
  revised         = {2015-06-16},
}

@Article{Hoogendijk2004,
  author          = {Hoogendijk, Jessica E. and Amato, Anthony A. and Lecky, Bryan R. and Choy, Ernest H. and Lundberg, Ingrid E. and Rose, Michael R. and Vencovsky, Jiri and de Visser, Marianne and Hughes, Richard A.},
  date            = {2004-05},
  journaltitle    = {Neuromuscul Disord},
  title           = {119th ENMC international workshop: trial design in adult idiopathic inflammatory myopathies, with the exception of inclusion body myositis, 10-12 October 2003, Naarden, The Netherlands.},
  doi             = {10.1016/j.nmd.2004.02.006},
  issn            = {0960-8966},
  issue           = {5},
  pages           = {337--345},
  pubstate        = {ppublish},
  volume          = {14},
  citation-subset = {IM},
  completed       = {2004-06-21},
  country         = {England},
  issn-linking    = {0960-8966},
  keywords        = {Adult; Clinical Trials as Topic, methods; Education; Humans; International Cooperation; Myositis, diagnosis, therapy; Myositis, Inclusion Body, diagnosis, therapy; Netherlands; Outcome and Process Assessment, Health Care; Research Design},
  nlm-id          = {9111470},
  owner           = {NLM},
  pii             = {S0960896604000409},
  pmid            = {15099594},
  pubmodel        = {Print},
  revised         = {2019-12-10},
}

@Article{SelvaOCallaghan2010,
  author          = {Selva-O'Callaghan, Albert and Grau, Josep M. and Gámez-Cenzano, Cristina and Vidaller-Palacín, Antonio and Martínez-Gómez, Xavier and Trallero-Araguás, Ernesto and Andía-Navarro, Eduard and Vilardell-Tarrés, Miquel},
  date            = {2010-06},
  journaltitle    = {Am J Med},
  title           = {Conventional cancer screening versus PET/CT in dermatomyositis/polymyositis.},
  doi             = {10.1016/j.amjmed.2009.11.012},
  issn            = {1555-7162},
  issue           = {6},
  pages           = {558--562},
  pubstate        = {ppublish},
  volume          = {123},
  citation-subset = {AIM, IM},
  completed       = {2010-07-15},
  country         = {United States},
  issn-linking    = {0002-9343},
  keywords        = {Aged; Dermatomyositis, complications, diagnosis, epidemiology; Diagnosis, Differential; Female; Follow-Up Studies; Humans; Incidence; Male; Mammography; Mass Screening, methods; Middle Aged; Paraneoplastic Syndromes, complications, diagnosis, epidemiology; Polymyositis, complications, diagnosis, epidemiology; Positron-Emission Tomography; Predictive Value of Tests; Prospective Studies; Spain, epidemiology; Tomography, X-Ray Computed},
  nlm-id          = {0267200},
  owner           = {NLM},
  pii             = {S0002-9343(09)01108-5},
  pmid            = {20569766},
  pubmodel        = {Print},
  revised         = {2010-06-23},
}

@Article{Mammen2020,
  author          = {Mammen, Andrew L. and Allenbach, Yves and Stenzel, Werner and Benveniste, Olivier and 239th Workshop Study Group, E. N. M. C.},
  date            = {2020-01},
  journaltitle    = {Neuromuscul Disord},
  title           = {239th ENMC International Workshop: Classification of dermatomyositis, Amsterdam, the Netherlands, 14-16 December 2018.},
  doi             = {10.1016/j.nmd.2019.10.005},
  issn            = {1873-2364},
  issue           = {1},
  pages           = {70--92},
  pubstate        = {ppublish},
  volume          = {30},
  affiliation     = {(France)., (France)., (France)., (France)., (France)., (France)., (France)., (France)., (France)., (France)., (France)., (France)., (France)., (France)., (France)., (France)., (France)., (France)., (France)., (France)., (France)., (France).},
  citation-subset = {IM},
  country         = {England},
  investigator    = {Allenbach, Dr Yves and Benveniste, Dr Olivier and Bleecker, Dr Jan De and Boyer, Dr Olivier and Casciola-Rosen, Dr Livia and Christopher-Stine, Dr Lisa and Damoiseaux, Dr Jan and Gitiaux, Dr Cyril and Fujimoto, Dr Manabu and Lamb, Dr Janine and Landon-Cardinal, Dr Océane and E Lundberg, Dr Ingrid and Mammen, Dr Andrew and Nishino, Dr Ichizo and Radke, Dr Josefine and Selva-O'Callaghan, Dr Albert and Stenzel, Dr Werner and Vencovsky, Dr Jiri and de Visser, Dr Marianne and Wang, Dr Guochun and Wedderburn, Dr Lucy and Werth, Dr Victoria},
  issn-linking    = {0960-8966},
  keywords        = {Antisynthetase syndrome; Autoantibodies; Classification; Dermatomyositis; Myositis},
  nlm-id          = {9111470},
  owner           = {NLM},
  pii             = {S0960-8966(19)31161-7},
  pmid            = {31791867},
  pubmodel        = {Print-Electronic},
  revised         = {2020-04-13},
}

@Article{McHugh2018,
  author       = {McHugh, Neil J. and Tansley, Sarah L.},
  date         = {2018-04},
  journaltitle = {Nat Rev Rheumatol},
  title        = {Autoantibodies in myositis.},
  doi          = {10.1038/nrrheum.2018.56},
  issn         = {1759-4804},
  issue        = {5},
  pages        = {290--302},
  pubstate     = {ppublish},
  volume       = {14},
  chemicals    = {Autoantibodies, Autoantigens},
  completed    = {2019-08-19},
  country      = {United States},
  issn-linking = {1759-4790},
  keywords     = {Adult; Autoantibodies, drug effects, metabolism; Autoantigens, immunology; Child; Humans; Myositis, drug therapy, immunology; Phenotype; Precision Medicine},
  nlm-id       = {101500080},
  owner        = {NLM},
  pii          = {nrrheum.2018.56},
  pmid         = {29674612},
  pubmodel     = {Print},
  revised      = {2019-08-19},
}

@Article{Bauhammer2016,
  author          = {Bauhammer, Jutta and Blank, Norbert and Max, Regina and Lorenz, Hanns-Martin and Wagner, Ulrich and Krause, Dietmar and Fiehn, Christoph},
  date            = {2016-08},
  journaltitle    = {J Rheumatol},
  title           = {Rituximab in the Treatment of Jo1 Antibody-associated Antisynthetase Syndrome: Anti-Ro52 Positivity as a Marker for Severity and Treatment Response.},
  doi             = {10.3899/jrheum.150844},
  issn            = {0315-162X},
  issue           = {8},
  pages           = {1566--1574},
  pubstate        = {ppublish},
  volume          = {43},
  chemicals       = {Autoantibodies, Immunosuppressive Agents, Ribonucleoproteins, SS-A antigen, Rituximab},
  citation-subset = {IM},
  completed       = {2017-12-21},
  country         = {Canada},
  issn-linking    = {0315-162X},
  keywords        = {Adult; Aged; Autoantibodies, analysis; Dermatomyositis, drug therapy, immunology; Female; Humans; Immunosuppressive Agents, therapeutic use; Lung Diseases, Interstitial, drug therapy, immunology; Male; Middle Aged; Myositis, drug therapy, immunology; Retrospective Studies; Ribonucleoproteins, immunology; Rituximab, therapeutic use; Severity of Illness Index; Treatment Outcome; Young Adult; ANTISYNTHETASE ANTIBODIES; INTERSTITIAL LUNG DISEASE; Jo1; POLYMYOSITIS; Ro52},
  nlm-id          = {7501984},
  owner           = {NLM},
  pii             = {jrheum.150844},
  pmid            = {27252419},
  pubmodel        = {Print-Electronic},
  revised         = {2018-02-07},
}

@Article{Albrecht2015,
  author          = {Albrecht, Inka and Wick, Cecilia and Hallgren, Åsa and Tjärnlund, Anna and Nagaraju, Kanneboyina and Andrade, Felipe and Thompson, Kathryn and Coley, William and Phadke, Aditi and Diaz-Gallo, Lina-Marcela and Bottai, Matteo and Nennesmo, Inger and Chemin, Karine and Herrath, Jessica and Johansson, Karin and Wikberg, Anders and Ytterberg, A. Jimmy and Zubarev, Roman A. and Danielsson, Olof and Krystufkova, Olga and Vencovsky, Jiri and Landegren, Nils and Wahren-Herlenius, Marie and Padyukov, Leonid and Kämpe, Olle and Lundberg, Ingrid E.},
  date            = {2015-12},
  journaltitle    = {J Clin Invest},
  title           = {Development of autoantibodies against muscle-specific FHL1 in severe inflammatory myopathies.},
  doi             = {10.1172/JCI81031},
  issn            = {1558-8238},
  issue           = {12},
  pages           = {4612--4624},
  pubstate        = {ppublish},
  volume          = {125},
  chemicals       = {Autoantibodies, FHL1 protein, human, Intracellular Signaling Peptides and Proteins, LIM Domain Proteins, Muscle Proteins, GZMB protein, human, Granzymes},
  citation-subset = {AIM, IM},
  completed       = {2016-02-04},
  country         = {United States},
  issn-linking    = {0021-9738},
  keywords        = {Animals; Autoantibodies, blood, immunology; Autoimmune Diseases, blood, genetics, immunology, pathology; Female; Granzymes, genetics, immunology, metabolism; Humans; Inflammation, blood, genetics, immunology, pathology; Intracellular Signaling Peptides and Proteins, blood, genetics, immunology; LIM Domain Proteins, blood, genetics, immunology; Male; Mice; Muscle Fibers, Skeletal, immunology, metabolism, pathology; Muscle Proteins, blood, genetics, immunology; Muscular Diseases, blood, genetics, immunology, pathology},
  nlm-id          = {7802877},
  owner           = {NLM},
  pii             = {81031},
  pmc             = {PMC4665781},
  pmid            = {26551678},
  pubmodel        = {Print-Electronic},
  revised         = {2018-11-13},
}

@Article{LabradorHorrillo2014a,
  author          = {Labrador-Horrillo, Moisés and Martínez, Maria Angeles and Selva-O'Callaghan, Albert and Trallero-Araguás, Ernesto and Grau-Junyent, Josep M. and Vilardell-Tarrés, Miquel and Juarez, Candido},
  date            = {2014-10},
  journaltitle    = {Autoimmun Rev},
  title           = {Identification of a novel myositis-associated antibody directed against cortactin.},
  doi             = {10.1016/j.autrev.2014.08.038},
  issn            = {1873-0183},
  issue           = {10},
  pages           = {1008--1012},
  pubstate        = {ppublish},
  volume          = {13},
  chemicals       = {Autoantibodies, CTTN protein, human, Cortactin},
  citation-subset = {IM},
  completed       = {2014-11-25},
  country         = {Netherlands},
  issn-linking    = {1568-9972},
  keywords        = {Autoantibodies, analysis, immunology; Autoimmune Diseases, immunology; Cortactin, immunology; Enzyme-Linked Immunosorbent Assay; Female; Humans; Male; Myositis, immunology; Anti-CTTN antibody; Cortactin; MAA; Myositis-associated autoantibody},
  nlm-id          = {101128967},
  owner           = {NLM},
  pii             = {S1568-9972(14)00182-7},
  pmid            = {25182205},
  pubmodel        = {Print-Electronic},
  revised         = {2018-12-02},
}

@Article{Zhang2018,
  author          = {Zhang, Ya-Mei and Yang, Han-Bo and Shi, Jing-Li and Chen, He and Shu, Xiao-Ming and Lu, Xin and Wang, Guo-Chun and Peng, Qing-Lin},
  date            = {2018-06},
  journaltitle    = {Clin Rheumatol},
  title           = {The prevalence and clinical significance of anti-PUF60 antibodies in patients with idiopathic inflammatory myopathy.},
  doi             = {10.1007/s10067-018-4031-4},
  issn            = {1434-9949},
  issue           = {6},
  pages           = {1573--1580},
  pubstate        = {ppublish},
  volume          = {37},
  chemicals       = {Antibodies, RNA Splicing Factors, Repressor Proteins, poly-U binding splicing factor 60KDa},
  citation-subset = {IM},
  completed       = {2018-10-17},
  country         = {Germany},
  issn-linking    = {0770-3198},
  keywords        = {Adult; Aged; Aged, 80 and over; Antibodies, blood; Cross-Sectional Studies; Female; Humans; Male; Middle Aged; Myositis, immunology; RNA Splicing Factors, immunology; Repressor Proteins, immunology; Severity of Illness Index; Young Adult; Anti-PUF60 antibodies; Clinically amyopathic dermatomyositis; Disease activity; Idiopathic inflammatory myopathies},
  nlm-id          = {8211469},
  owner           = {NLM},
  pii             = {10.1007/s10067-018-4031-4},
  pmid            = {29541951},
  pubmodel        = {Print-Electronic},
  revised         = {2018-11-14},
}

@Article{Fiorentino2016,
  author          = {Fiorentino, David F. and Presby, Matthew and Baer, Alan N. and Petri, Michelle and Rieger, Kerri E. and Soloski, Mark and Rosen, Antony and Mammen, Andrew L. and Christopher-Stine, Lisa and Casciola-Rosen, Livia},
  date            = {2016-06},
  journaltitle    = {Ann Rheum Dis},
  title           = {PUF60: a prominent new target of the autoimmune response in dermatomyositis and Sjögren's syndrome.},
  doi             = {10.1136/annrheumdis-2015-207509},
  issn            = {1468-2060},
  issue           = {6},
  pages           = {1145--1151},
  pubstate        = {ppublish},
  volume          = {75},
  chemicals       = {Autoantibodies, Autoantigens, Biomarkers, RNA Splicing Factors, Repressor Proteins, poly-U binding splicing factor 60KDa},
  citation-subset = {IM},
  completed       = {2017-05-23},
  country         = {England},
  issn-linking    = {0003-4967},
  keywords        = {Adult; Aged; Autoantibodies, blood; Autoantigens, immunology; Autoimmunity; Biomarkers, blood; Case-Control Studies; Dermatomyositis, immunology; Female; Humans; Male; Middle Aged; RNA Splicing Factors, immunology; Repressor Proteins, immunology; Salivary Glands, immunology; Sjogren's Syndrome, immunology; Skin, immunology; Autoantibodies; Dermatomyositis; Sjøgren's Syndrome; Systemic Lupus Erythematosus},
  mid             = {NIHMS774064},
  nlm-id          = {0372355},
  owner           = {NLM},
  pii             = {annrheumdis-2015-207509},
  pmc             = {PMC4828328},
  pmid            = {26253095},
  pubmodel        = {Print-Electronic},
  revised         = {2018-11-13},
}

@Article{Nalbantoglu1994,
  author          = {Nalbantoglu, J. and Karpati, G. and Carpenter, S.},
  date            = {1994-05},
  journaltitle    = {Am J Pathol},
  title           = {Conspicuous accumulation of a single-stranded DNA binding protein in skeletal muscle fibers in inclusion body myositis.},
  issn            = {0002-9440},
  issue           = {5},
  pages           = {874--882},
  pubstate        = {ppublish},
  volume          = {144},
  chemicals       = {Antibodies, Monoclonal, DNA Probes, DNA, Single-Stranded, DNA-Binding Proteins},
  citation-subset = {AIM, IM},
  completed       = {1994-06-06},
  country         = {United States},
  issn-linking    = {0002-9440},
  keywords        = {Antibodies, Monoclonal; DNA Probes; DNA, Single-Stranded, metabolism; DNA-Binding Proteins, analysis; Humans; Inclusion Bodies; Muscles, chemistry, ultrastructure; Myositis, pathology},
  nlm-id          = {0370502},
  owner           = {NLM},
  pmc             = {PMC1887372},
  pmid            = {8178939},
  pubmodel        = {Print},
  revised         = {2018-11-13},
}

@Article{Greenberg2010,
  author          = {Greenberg, Steven A.},
  date            = {2010-06},
  journaltitle    = {Curr Rheumatol Rep},
  title           = {Theories of the pathogenesis of inclusion body myositis.},
  doi             = {10.1007/s11926-010-0102-5},
  issn            = {1534-6307},
  issue           = {3},
  pages           = {221--228},
  pubstate        = {ppublish},
  volume          = {12},
  chemicals       = {Biomarkers},
  citation-subset = {IM},
  completed       = {2010-07-22},
  country         = {United States},
  issn-linking    = {1523-3774},
  keywords        = {Animals; Biomarkers, metabolism; Disease Models, Animal; Humans; Muscle Fibers, Skeletal, metabolism, pathology; Myositis, Inclusion Body, etiology, metabolism, pathology; Skin, metabolism, pathology},
  mid             = {NIHMS222940},
  nlm-id          = {100888970},
  owner           = {NLM},
  pmc             = {PMC2929917},
  pmid            = {20425523},
  pubmodel        = {Print},
  references      = {50},
  revised         = {2018-11-13},
}

@Article{Amato2003a,
  author          = {Amato, Anthony A. and Griggs, Robert C.},
  date            = {2003-08},
  journaltitle    = {Neurology},
  title           = {Unicorns, dragons, polymyositis, and other mythological beasts.},
  doi             = {10.1212/wnl.61.3.288},
  issn            = {1526-632X},
  issue           = {3},
  pages           = {288--289},
  pubstate        = {ppublish},
  volume          = {61},
  citation-subset = {AIM, IM},
  completed       = {2004-03-25},
  country         = {United States},
  issn-linking    = {0028-3878},
  keywords        = {Dermatomyositis, diagnosis; Diagnosis, Differential; Fatigue Syndrome, Chronic, diagnosis; Fibromyalgia, diagnosis; Humans; Muscular Dystrophies, diagnosis; Myelitis, Transverse, diagnosis; Myositis, diagnosis; Myositis, Inclusion Body, diagnosis; Polymyalgia Rheumatica, diagnosis; Polymyositis, diagnosis, immunology},
  nlm-id          = {0401060},
  owner           = {NLM},
  pmid            = {12913184},
  pubmodel        = {Print},
  revised         = {2019-05-14},
}

@Article{Love2014,
  author          = {Love, Michael I. and Huber, Wolfgang and Anders, Simon},
  date            = {2014},
  journaltitle    = {Genome Biol},
  title           = {Moderated estimation of fold change and dispersion for RNA-seq data with DESeq2.},
  doi             = {10.1186/s13059-014-0550-8},
  issn            = {1474-760X},
  issue           = {12},
  pages           = {550},
  pubstate        = {ppublish},
  volume          = {15},
  chemicals       = {RNA},
  citation-subset = {IM},
  completed       = {2015-08-18},
  country         = {England},
  issn-linking    = {1474-7596},
  keywords        = {Algorithms; Computational Biology, methods; High-Throughput Nucleotide Sequencing; Models, Genetic; RNA, analysis; Sequence Analysis, RNA; Software},
  nlm-id          = {100960660},
  owner           = {NLM},
  pii             = {s13059-014-0550-8},
  pmc             = {PMC4302049},
  pmid            = {25516281},
  pubmodel        = {Print},
  revised         = {2018-11-13},
}

@Article{Benjamini2001,
  author          = {Benjamini, Y. and Drai, D. and Elmer, G. and Kafkafi, N. and Golani, I.},
  date            = {2001-11},
  journaltitle    = {Behav Brain Res},
  title           = {Controlling the false discovery rate in behavior genetics research.},
  doi             = {10.1016/s0166-4328(01)00297-2},
  issn            = {0166-4328},
  issue           = {1-2},
  pages           = {279--284},
  pubstate        = {ppublish},
  volume          = {125},
  citation-subset = {IM},
  completed       = {2002-01-22},
  country         = {Netherlands},
  issn-linking    = {0166-4328},
  keywords        = {Animals; Bias; Brain, physiology; Exploratory Behavior, physiology; Genetics, Behavioral; Mice; Mice, Inbred Strains; Phenotype; Reproducibility of Results},
  nlm-id          = {8004872},
  owner           = {NLM},
  pii             = {S0166-4328(01)00297-2},
  pmid            = {11682119},
  pubmodel        = {Print},
  revised         = {2019-08-26},
}

@Article{Benjamini1995,
  author       = {Benjamini, Yoav and Hochberg, Yosef},
  date         = {1995},
  journaltitle = {J R Stat Soc Series B Stat},
  title        = {Controlling the false discovery rate: a practical and powerful approach to multiple testing},
  number       = {1},
  pages        = {289--300},
  volume       = {57},
  publisher    = {Wiley Online Library},
}

@Article{Rose2013,
  author          = {Rose, M. R. and Group, E. N. M. C. I. B. M. Working},
  date            = {2013-12},
  journaltitle    = {Neuromuscul Disord},
  title           = {188th ENMC International Workshop: Inclusion Body Myositis, 2-4 December 2011, Naarden, The Netherlands.},
  doi             = {10.1016/j.nmd.2013.08.007},
  issn            = {1873-2364},
  issue           = {12},
  pages           = {1044--1055},
  pubstate        = {ppublish},
  volume          = {23},
  citation-subset = {IM},
  completed       = {2014-07-24},
  country         = {England},
  investigator    = {Amato, Anthony A and van Engelen, Baziel and Tseng, Brian and Buccirechtweg, Christina and Jones, David Hilton and Radcliffe, John and Seedat, Farah and Lundberg, Ingrid E and Bleecker, Jan De and Schmidt, Jens and Vissing, John and Lowes, Linda and Dewar, Liz and Walter, Maggie C and de Visser, Marianne and Taylor, Martin and Needham, Merrilee and Hanna, Michael and Rose, Michael and Benveniste, Olivier and Leff, Richard and Ford, Chadds and Sejersen, Thomas and Hindle, Tony and Badrising, Umesh and Tawil, Rabi},
  issn-linking    = {0960-8966},
  keywords        = {Clinical Trials as Topic; Humans; International Cooperation; Myositis, Inclusion Body, diagnosis, genetics, therapy; Netherlands},
  nlm-id          = {9111470},
  owner           = {NLM},
  pii             = {S0960-8966(13)00950-4},
  pmid            = {24268584},
  pubmodel        = {Print-Electronic},
  revised         = {2017-09-22},
}

@Article{Griggs1995,
  author          = {Griggs, R. C. and Askanas, V. and DiMauro, S. and Engel, A. and Karpati, G. and Mendell, J. R. and Rowland, L. P.},
  date            = {1995-11},
  journaltitle    = {Ann Neurol},
  title           = {Inclusion body myositis and myopathies.},
  doi             = {10.1002/ana.410380504},
  issn            = {0364-5134},
  issue           = {5},
  pages           = {705--713},
  pubstate        = {ppublish},
  volume          = {38},
  citation-subset = {IM},
  completed       = {1995-12-28},
  country         = {United States},
  issn-linking    = {0364-5134},
  keywords        = {Animals; Cell Nucleus, ultrastructure; Cytoplasm, ultrastructure; Genetic Linkage; Humans; Immunity, Cellular, immunology; Mice; Mice, Transgenic; Mitochondria, ultrastructure; Muscle, Skeletal, pathology; Myositis, Inclusion Body, genetics, immunology, pathology, therapy; T-Lymphocytes, immunology},
  nlm-id          = {7707449},
  owner           = {NLM},
  pmid            = {7486861},
  pubmodel        = {Print},
  references      = {58},
  revised         = {2010-11-18},
}

@Article{Lundberg2017,
  author          = {Lundberg, Ingrid E. and Tjärnlund, Anna and Bottai, Matteo and Werth, Victoria P. and Pilkington, Clarissa and Visser, Marianne de and Alfredsson, Lars and Amato, Anthony A. and Barohn, Richard J. and Liang, Matthew H. and Singh, Jasvinder A. and Aggarwal, Rohit and Arnardottir, Snjolaug and Chinoy, Hector and Cooper, Robert G. and Dankó, Katalin and Dimachkie, Mazen M. and Feldman, Brian M. and Torre, Ignacio Garcia-De La and Gordon, Patrick and Hayashi, Taichi and Katz, James D. and Kohsaka, Hitoshi and Lachenbruch, Peter A. and Lang, Bianca A. and Li, Yuhui and Oddis, Chester V. and Olesinska, Marzena and Reed, Ann M. and Rutkowska-Sak, Lidia and Sanner, Helga and Selva-O'Callaghan, Albert and Song, Yeong-Wook and Vencovsky, Jiri and Ytterberg, Steven R. and Miller, Frederick W. and Rider, Lisa G. and International Myositis Classification Criteria Project consortium, The Euromyositis register and Study, The Juvenile Dermatomyositis Cohort Biomarker and Repository (JDRG), (U. K. and Ireland)},
  date            = {2017-12},
  journaltitle    = {Ann Rheum Dis},
  title           = {2017 European League Against Rheumatism/American College of Rheumatology classification criteria for adult and juvenile idiopathic inflammatory myopathies and their major subgroups.},
  doi             = {10.1136/annrheumdis-2017-211468},
  issn            = {1468-2060},
  issue           = {12},
  pages           = {1955--1964},
  pubstate        = {ppublish},
  volume          = {76},
  citation-subset = {IM},
  completed       = {2017-11-27},
  country         = {England},
  issn-linking    = {0003-4967},
  keywords        = {Adult; Biopsy, standards; Child; Consensus; Diagnosis, Differential; Europe; Humans; Muscle, Skeletal, pathology; Myositis, classification, diagnosis; Probability; Reference Values; Rheumatology, organization & administration, standards; Sensitivity and Specificity; Societies, Medical, organization & administration; United States; autoimmune diseases; dermatomyositis; polymyositis},
  mid             = {NIHMS922449},
  nlm-id          = {0372355},
  owner           = {NLM},
  pii             = {annrheumdis-2017-211468},
  pmc             = {PMC5736307},
  pmid            = {29079590},
  pubmodel        = {Print-Electronic},
  revised         = {2020-03-06},
}

@Article{Pestronk2011,
  author          = {Pestronk, Alan},
  date            = {2011-11},
  journaltitle    = {Curr Opin Rheumatol},
  title           = {Acquired immune and inflammatory myopathies: pathologic classification.},
  doi             = {10.1097/BOR.0b013e32834bab42},
  issn            = {1531-6963},
  issue           = {6},
  pages           = {595--604},
  pubstate        = {ppublish},
  volume          = {23},
  citation-subset = {IM},
  completed       = {2012-01-20},
  country         = {United States},
  issn-linking    = {1040-8711},
  keywords        = {Dermatomyositis, pathology; Histiocytes, pathology; Humans; Mitochondria, Muscle, pathology; Muscle Fibers, Skeletal, pathology; Myositis, classification, immunology, pathology; Myositis, Inclusion Body, pathology; Polymyositis, pathology; Vacuoles, pathology},
  nlm-id          = {9000851},
  owner           = {NLM},
  pmid            = {21934500},
  pubmodel        = {Print},
  revised         = {2011-09-30},
}

@Article{Akaike1974,
  author       = {Akaike, Hirotugu},
  date         = {1974},
  journaltitle = {IEEE Trans Autom Control},
  title        = {A new look at the statistical model identification},
  number       = {6},
  pages        = {716--723},
  volume       = {19},
  publisher    = {Ieee},
}

@Article{Schwarz1978,
  author       = {Schwarz, Gideon and others},
  date         = {1978},
  journaltitle = {Ann Statist},
  title        = {Estimating the dimension of a model},
  number       = {2},
  pages        = {461--464},
  volume       = {6},
  publisher    = {Institute of Mathematical Statistics},
}

@Article{Burnham2004,
  author       = {Burnham, Kenneth P. and Anderson, David R.},
  date         = {2004},
  journaltitle = {Sociological methods \& research},
  title        = {Multimodel inference: understanding AIC and BIC in model selection},
  number       = {2},
  pages        = {261--304},
  volume       = {33},
  publisher    = {Sage Publications Sage CA: Thousand Oaks, CA},
}

@Article{Raftery1995,
  author       = {Raftery, Adrian E.},
  date         = {1995},
  journaltitle = {Sociological methodology},
  title        = {Bayesian model selection in social research},
  pages        = {111--163},
  publisher    = {JSTOR},
}

@Article{Baruzzo2017,
  author          = {Baruzzo, Giacomo and Hayer, Katharina E. and Kim, Eun Ji and Di Camillo, Barbara and FitzGerald, Garret A. and Grant, Gregory R.},
  date            = {2017-02},
  journaltitle    = {Nat Methods},
  title           = {Simulation-based comprehensive benchmarking of RNA-seq aligners.},
  doi             = {10.1038/nmeth.4106},
  issn            = {1548-7105},
  issue           = {2},
  pages           = {135--139},
  pubstate        = {ppublish},
  volume          = {14},
  citation-subset = {IM},
  completed       = {2017-06-23},
  country         = {United States},
  issn-linking    = {1548-7091},
  keywords        = {Benchmarking; Computer Simulation; Exons; Genome, Human; Humans; Introns; Molecular Sequence Annotation; Plasmodium falciparum, genetics; Polymorphism, Genetic; RNA Splicing; Sequence Alignment, methods; Sequence Analysis, RNA, methods; Software},
  mid             = {NIHMS902588},
  nlm-id          = {101215604},
  owner           = {NLM},
  pii             = {nmeth.4106},
  pmc             = {PMC5792058},
  pmid            = {27941783},
  pubmodel        = {Print-Electronic},
  revised         = {2018-11-13},
}

@Article{Pertea2016,
  author          = {Pertea, Mihaela and Kim, Daehwan and Pertea, Geo M. and Leek, Jeffrey T. and Salzberg, Steven L.},
  date            = {2016-09},
  journaltitle    = {Nat Protoc},
  title           = {Transcript-level expression analysis of RNA-seq experiments with HISAT, StringTie and Ballgown.},
  doi             = {10.1038/nprot.2016.095},
  issn            = {1750-2799},
  issue           = {9},
  pages           = {1650--1667},
  pubstate        = {ppublish},
  volume          = {11},
  chemicals       = {RNA, Messenger},
  citation-subset = {IM},
  completed       = {2017-05-30},
  country         = {England},
  issn-linking    = {1750-2799},
  keywords        = {Gene Expression Profiling, methods; Molecular Sequence Annotation; RNA, Messenger, genetics, metabolism; Sequence Analysis, RNA, methods; Software; Statistics as Topic, methods; User-Computer Interface},
  mid             = {NIHMS816842},
  nlm-id          = {101284307},
  owner           = {NLM},
  pii             = {nprot.2016.095},
  pmc             = {PMC5032908},
  pmid            = {27560171},
  pubmodel        = {Print-Electronic},
  revised         = {2018-11-13},
}

@Article{Badrising2000,
  author          = {Badrising, U. A. and Maat-Schieman, M. and van Duinen, S. G. and Breedveld, F. and van Doorn, P. and van Engelen, B. and van den Hoogen, F. and Hoogendijk, J. and Höweler, C. and de Jager, A. and Jennekens, F. and Koehler, P. and van der Leeuw, H. and de Visser, M. and Verschuuren, J. J. and Wintzen, A. R.},
  date            = {2000-11},
  journaltitle    = {Neurology},
  title           = {Epidemiology of inclusion body myositis in the Netherlands: a nationwide study.},
  doi             = {10.1212/wnl.55.9.1385},
  issn            = {0028-3878},
  issue           = {9},
  pages           = {1385--1387},
  pubstate        = {ppublish},
  volume          = {55},
  citation-subset = {AIM, IM},
  completed       = {2000-12-22},
  country         = {United States},
  issn-linking    = {0028-3878},
  keywords        = {Adult; Aged; Female; Humans; Male; Middle Aged; Myositis, Inclusion Body, epidemiology; Netherlands, epidemiology; Prevalence},
  nlm-id          = {0401060},
  owner           = {NLM},
  pmid            = {11087787},
  pubmodel        = {Print},
  revised         = {2019-05-14},
}

@Book{Emery1997,
  author    = {Emery, Alan E. H.},
  date      = {1997},
  title     = {Diagnostic criteria for neuromuscular disorders},
  publisher = {Royal society of medicine press London},
}

@Article{Mariampillai2018,
  author          = {Mariampillai, Kubéraka and Granger, Benjamin and Amelin, Damien and Guiguet, Marguerite and Hachulla, Eric and Maurier, François and Meyer, Alain and Tohmé, Aline and Charuel, Jean-Luc and Musset, Lucile and Allenbach, Yves and Benveniste, Olivier},
  date            = {2018-12},
  journaltitle    = {JAMA neurology},
  title           = {Development of a New Classification System for Idiopathic Inflammatory Myopathies Based on Clinical Manifestations and Myositis-Specific Autoantibodies.},
  doi             = {10.1001/jamaneurol.2018.2598},
  issn            = {2168-6157},
  issue           = {12},
  pages           = {1528--1537},
  pubstate        = {ppublish},
  volume          = {75},
  chemicals       = {Autoantibodies},
  citation-subset = {AIM, IM},
  completed       = {2019-10-09},
  country         = {United States},
  issn-linking    = {2168-6149},
  keywords        = {Aged; Autoantibodies, blood; Classification, methods; Databases, Factual; Dermatomyositis, classification, immunology, pathology, physiopathology; Female; Humans; Male; Middle Aged; Myositis, classification, immunology, pathology, physiopathology; Myositis, Inclusion Body, classification, immunology, pathology, physiopathology; Retrospective Studies},
  nlm-id          = {101589536},
  owner           = {NLM},
  pii             = {2698825},
  pmc             = {PMC6583199},
  pmid            = {30208379},
  pubmodel        = {Print},
  revised         = {2020-03-09},
}

@Article{PinalFernandez2019,
  author       = {Pinal-Fernandez, Iago and Mammen, Andrew Lee},
  date         = {2019-06},
  journaltitle = {Ann Rheum Dis},
  title        = {On using machine learning algorithms to define clinically meaningful patient subgroups.},
  doi          = {10.1136/annrheumdis-2019-215852},
  issn         = {1468-2060},
  pubstate     = {aheadofprint},
  country      = {England},
  issn-linking = {0003-4967},
  keywords     = {autoantibodies; epidemiology; polymyositis; rheumatoid arthritis; systemic lupus erythematosus},
  nlm-id       = {0372355},
  owner        = {NLM},
  pii          = {annrheumdis-2019-215852},
  pmid         = {31227486},
  pubmodel     = {Print-Electronic},
  revised      = {2019-06-22},
}

@Article{HiltonJones2010,
  author          = {Hilton-Jones, D. and Miller, A. and Parton, M. and Holton, J. and Sewry, C. and Hanna, M. G.},
  date            = {2010-02},
  journaltitle    = {Neuromuscul Disord},
  title           = {Inclusion body myositis: MRC Centre for Neuromuscular Diseases, IBM workshop, London, 13 June 2008.},
  doi             = {10.1016/j.nmd.2009.11.003},
  issn            = {1873-2364},
  issue           = {2},
  pages           = {142--147},
  pubstate        = {ppublish},
  volume          = {20},
  chemicals       = {Muscle Proteins},
  citation-subset = {IM},
  completed       = {2010-06-23},
  country         = {England},
  issn-linking    = {0960-8966},
  keywords        = {Clinical Trials as Topic, methods, trends; Cohort Studies; Databases as Topic; Genetic Predisposition to Disease, genetics; Humans; London; Muscle Proteins, genetics, metabolism; Muscle, Skeletal, metabolism, pathology, physiopathology; Myositis, Inclusion Body, diagnosis, genetics, therapy; Translational Medical Research, methods, trends},
  nlm-id          = {9111470},
  owner           = {NLM},
  pii             = {S0960-8966(09)00685-3},
  pmid            = {20074951},
  pubmodel        = {Print-Electronic},
  revised         = {2018-12-01},
}

@Article{Greenberg2019,
  author          = {Greenberg, Steven A. and Pinkus, Jack L. and Kong, Sek Won and Baecher-Allan, Clare and Amato, Anthony A. and Dorfman, David M.},
  date            = {2019-09},
  journaltitle    = {Brain},
  title           = {Highly differentiated cytotoxic T cells in inclusion body myositis.},
  doi             = {10.1093/brain/awz207},
  issn            = {1460-2156},
  issue           = {9},
  pages           = {2590--2604},
  pubstate        = {ppublish},
  volume          = {142},
  chemicals       = {KLRG1 protein, human, Lectins, C-Type, Receptors, Immunologic},
  citation-subset = {AIM, IM},
  completed       = {2020-05-12},
  country         = {England},
  issn-linking    = {0006-8950},
  keywords        = {CD8-Positive T-Lymphocytes, immunology, metabolism, pathology; Cell Differentiation, physiology; Humans; Lectins, C-Type, biosynthesis, immunology; Muscle, Skeletal, immunology, metabolism, pathology; Myositis, Inclusion Body, immunology, metabolism, pathology; Receptors, Immunologic, biosynthesis, immunology; KLRG1; inclusion body myositis; inflammatory myopathy; myositis},
  nlm-id          = {0372537},
  owner           = {NLM},
  pii             = {5536587},
  pmid            = {31326977},
  pubmodel        = {Print},
  revised         = {2020-05-18},
}

@Article{Greenberg2019a,
  author          = {Greenberg, Steven A.},
  date            = {2019-05},
  journaltitle    = {Nature reviews. Rheumatology},
  title           = {Inclusion body myositis: clinical features and pathogenesis.},
  doi             = {10.1038/s41584-019-0186-x},
  issn            = {1759-4804},
  issue           = {5},
  pages           = {257--272},
  pubstate        = {ppublish},
  volume          = {15},
  citation-subset = {IM},
  completed       = {2020-02-19},
  country         = {United States},
  issn-linking    = {1759-4790},
  keywords        = {Animals; Humans; Inclusion Bodies, pathology; Muscle, Skeletal, pathology; Myositis, Inclusion Body, diagnosis, etiology, pathology, therapy},
  nlm-id          = {101500080},
  owner           = {NLM},
  pii             = {10.1038/s41584-019-0186-x},
  pmid            = {30837708},
  pubmodel        = {Print},
  revised         = {2020-02-19},
}

@Article{Greenberg2005a,
  author          = {Greenberg, S. A. and Bradshaw, E. M. and Pinkus, J. L. and Pinkus, G. S. and Burleson, T. and Due, B. and Bregoli, L. and Bregoli, L. S. and O'Connor, K. C. and Amato, A. A.},
  date            = {2005-12},
  journaltitle    = {Neurology},
  title           = {Plasma cells in muscle in inclusion body myositis and polymyositis.},
  doi             = {10.1212/01.wnl.0000187124.92826.20},
  issn            = {1526-632X},
  issue           = {11},
  pages           = {1782--1787},
  pubstate        = {ppublish},
  volume          = {65},
  chemicals       = {Antigens, Surface, Autoantigens, Biomarkers, Immunoglobulins, Membrane Glycoproteins, Proteoglycans, RNA, Messenger, SDC1 protein, human, Syndecan-1, Syndecans},
  citation-subset = {AIM, IM},
  completed       = {2006-03-23},
  country         = {United States},
  issn-linking    = {0028-3878},
  keywords        = {Antigens, Surface, genetics, immunology; Autoantigens, genetics, immunology; B-Lymphocytes, immunology; Biomarkers, metabolism; Biopsy; Cell Differentiation, genetics, immunology; Cell Lineage, genetics, immunology; Humans; Immunoglobulins, genetics, immunology; Immunohistochemistry; Lymphocyte Activation, genetics, immunology; Membrane Glycoproteins, genetics, immunology; Muscle, Skeletal, immunology, pathology, physiopathology; Myositis, Inclusion Body, diagnosis, immunology, physiopathology; Plasma Cells, immunology, pathology; Polymyositis, diagnosis, immunology, physiopathology; Proteoglycans, genetics, immunology; RNA, Messenger, analysis, genetics; Syndecan-1; Syndecans; T-Lymphocytes, immunology, pathology},
  nlm-id          = {0401060},
  owner           = {NLM},
  pii             = {65/11/1782},
  pmid            = {16344523},
  pubmodel        = {Print},
  revised         = {2015-11-19},
}

@Article{Lim2006,
  author          = {Lim, Jung-Hyun and Cho, Sun-Jung and Park, Sung-Kyun and Kim, Jiyoung and Cho, Daeho and Lee, Wang Jae and Kang, Chang-Joong},
  date            = {2006-10},
  journaltitle    = {Journal of immunology (Baltimore, Md. : 1950)},
  title           = {Stage-specific expression of two neighboring Crlz1 and IgJ genes during B cell development is regulated by their chromatin accessibility and histone acetylation.},
  doi             = {10.4049/jimmunol.177.8.5420},
  issn            = {0022-1767},
  issue           = {8},
  pages           = {5420--5429},
  pubstate        = {ppublish},
  volume          = {177},
  chemicals       = {Chromatin, Crlz1 protein, mouse, DNA-Binding Proteins, Histones, Immunoglobulin J-Chains, Nerve Tissue Proteins, Transcription Factors},
  citation-subset = {AIM, IM},
  completed       = {2007-02-06},
  country         = {United States},
  issn-linking    = {0022-1767},
  keywords        = {Acetylation; Animals; B-Lymphocytes, cytology, immunology; Cell Line; Chromatin, metabolism; DNA-Binding Proteins, genetics; Gene Expression Regulation, immunology; Histones, metabolism; Immunoglobulin J-Chains, genetics; Mice; Nerve Tissue Proteins, genetics; Plasma Cells, cytology, immunology; Promoter Regions, Genetic; Transcription Factors, genetics},
  nlm-id          = {2985117R},
  owner           = {NLM},
  pii             = {177/8/5420},
  pmid            = {17015728},
  pubmodel        = {Print},
  revised         = {2019-12-23},
}

@Article{Mammen2016,
  author          = {Mammen, Andrew L.},
  date            = {2016-02},
  journaltitle    = {The New England journal of medicine},
  title           = {Statin-Associated Autoimmune Myopathy.},
  doi             = {10.1056/NEJMra1515161},
  issn            = {1533-4406},
  issue           = {7},
  pages           = {664--669},
  pubstate        = {ppublish},
  volume          = {374},
  chemicals       = {Glucocorticoids, Hydroxymethylglutaryl-CoA Reductase Inhibitors, Prednisone},
  citation-subset = {AIM, IM},
  completed       = {2016-03-01},
  country         = {United States},
  issn-linking    = {0028-4793},
  keywords        = {Algorithms; Autoimmune Diseases, chemically induced, drug therapy; Glucocorticoids, therapeutic use; Humans; Hydroxymethylglutaryl-CoA Reductase Inhibitors, adverse effects; Muscle, Skeletal, pathology; Muscular Diseases, chemically induced, drug therapy, immunology, pathology; Prednisone, therapeutic use},
  nlm-id          = {0255562},
  owner           = {NLM},
  pmid            = {26886523},
  pubmodel        = {Print},
  revised         = {2016-02-18},
}

@Article{Qu2019,
  author          = {Qu, Jie and Ko, Chih-Wei and Tso, Patrick and Bhargava, Aditi},
  date            = {2019-04},
  journaltitle    = {Cells},
  title           = {Apolipoprotein A-IV: A Multifunctional Protein Involved in Protection against Atherosclerosis and Diabetes.},
  doi             = {10.3390/cells8040319},
  issn            = {2073-4409},
  issue           = {4},
  pubstate        = {epublish},
  volume          = {8},
  chemicals       = {Apolipoproteins A, apolipoprotein A-IV, Cholesterol, Glucose},
  citation-subset = {IM},
  completed       = {2019-11-27},
  country         = {Switzerland},
  issn-linking    = {2073-4409},
  keywords        = {Animals; Apolipoproteins A, genetics, metabolism; Atherosclerosis, prevention & control; Cholesterol, metabolism; Diabetes Mellitus, prevention & control; Glucose, metabolism; Homeostasis; Humans; apoA-IV-interacting proteins; apolipoprotein A-IV; atherosclerosis; food intake; glucose hemostasis; lipid metabolism; platelet aggregation and thrombosis},
  nlm-id          = {101600052},
  owner           = {NLM},
  pii             = {E319},
  pmc             = {PMC6523623},
  pmid            = {30959835},
  pubmodel        = {Electronic},
  revised         = {2020-04-08},
}

@Article{Berlin1993,
  author          = {Berlin, C. and Berg, E. L. and Briskin, M. J. and Andrew, D. P. and Kilshaw, P. J. and Holzmann, B. and Weissman, I. L. and Hamann, A. and Butcher, E. C.},
  date            = {1993-07},
  journaltitle    = {Cell},
  title           = {Alpha 4 beta 7 integrin mediates lymphocyte binding to the mucosal vascular addressin MAdCAM-1.},
  doi             = {10.1016/0092-8674(93)90305-a},
  issn            = {0092-8674},
  issue           = {1},
  pages           = {185--195},
  pubstate        = {ppublish},
  volume          = {74},
  chemicals       = {Antibodies, Monoclonal, Antigens, Neoplasm, Cell Adhesion Molecules, Immunoglobulins, Integrin alpha4beta1, Integrin beta Chains, Integrins, MADCAM1 protein, human, Madcam1 protein, mouse, Mucoproteins, Vascular Cell Adhesion Molecule-1, integrin beta7},
  citation-subset = {IM},
  completed       = {1993-08-20},
  country         = {United States},
  issn-linking    = {0092-8674},
  keywords        = {Animals; Antibodies, Monoclonal; Antigens, Neoplasm, immunology, metabolism; Binding Sites; Cell Adhesion Molecules, metabolism; Cell Line; Humans; Immunoglobulins, metabolism; Integrin alpha4beta1; Integrin beta Chains; Integrins, immunology, metabolism, physiology; Lymphocytes, metabolism; Mice; Mucoproteins, metabolism; Tumor Cells, Cultured; Vascular Cell Adhesion Molecule-1},
  nlm-id          = {0413066},
  owner           = {NLM},
  pii             = {0092-8674(93)90305-A},
  pmid            = {7687523},
  pubmodel        = {Print},
  revised         = {2019-07-05},
}

@Article{Greenberg2002,
  author          = {Greenberg, S. A. and Sanoudou, D. and Haslett, J. N. and Kohane, I. S. and Kunkel, L. M. and Beggs, A. H. and Amato, A. A.},
  date            = {2002-10},
  journaltitle    = {Neurology},
  title           = {Molecular profiles of inflammatory myopathies.},
  doi             = {10.1212/wnl.59.8.1170},
  issn            = {0028-3878},
  issue           = {8},
  pages           = {1170--1182},
  pubstate        = {ppublish},
  volume          = {59},
  citation-subset = {AIM, IM},
  completed       = {2002-11-14},
  country         = {United States},
  issn-linking    = {0028-3878},
  keywords        = {Adolescent; Adult; Aged; Aged, 80 and over; Biopsy, statistics & numerical data; Child; Child, Preschool; Female; Gene Expression Profiling, methods; Humans; Infant; Linear Models; Male; Middle Aged; Multigene Family; Muscle, Skeletal, pathology; Myositis, diagnosis, genetics, pathology; Oligonucleotide Array Sequence Analysis, methods},
  nlm-id          = {0401060},
  owner           = {NLM},
  pmid            = {12391344},
  pubmodel        = {Print},
  revised         = {2019-12-10},
}

@Article{Ivanidze2011,
  author          = {Ivanidze, Jana and Hoffmann, Reinhard and Lochmüller, Hanns and Engel, Andrew G. and Hohlfeld, Reinhard and Dornmair, Klaus},
  date            = {2011-09},
  journaltitle    = {Am J Pathol},
  title           = {Inclusion body myositis: laser microdissection reveals differential up-regulation of IFN-$\gamma$ signaling cascade in attacked versus nonattacked myofibers.},
  doi             = {10.1016/j.ajpath.2011.05.055},
  issn            = {1525-2191},
  issue           = {3},
  pages           = {1347--1359},
  pubstate        = {ppublish},
  volume          = {179},
  chemicals       = {HLA Antigens, IFNGR2 protein, human, Receptors, Interferon, Interferon-gamma},
  citation-subset = {AIM, IM},
  completed       = {2011-12-09},
  country         = {United States},
  issn-linking    = {0002-9440},
  keywords        = {Aged; Case-Control Studies; Female; HLA Antigens, metabolism; Humans; Interferon-gamma, metabolism; Laser Therapy; Male; Microdissection; Middle Aged; Muscle Fibers, Skeletal, metabolism, pathology; Muscle, Skeletal, pathology, surgery; Myositis, Inclusion Body, metabolism, pathology; Receptors, Interferon, metabolism; Signal Transduction, physiology; Up-Regulation},
  nlm-id          = {0370502},
  owner           = {NLM},
  pii             = {S0002-9440(11)00555-4},
  pmc             = {PMC3157228},
  pmid            = {21855683},
  pubmodel        = {Print},
  revised         = {2018-11-13},
}

@Article{Allenbach2014,
  author          = {Allenbach, Yves and Chaara, Wahiba and Rosenzwajg, Michelle and Six, Adrien and Prevel, Nicolas and Mingozzi, Federico and Wanschitz, Julia and Musset, Lucile and Charuel, Jean-Luc and Eymard, Bruno and Salomon, Benoit and Duyckaerts, Charles and Maisonobe, Thierry and Dubourg, Odile and Herson, Serge and Klatzmann, David and Benveniste, Olivier},
  date            = {2014},
  journaltitle    = {PLoS One},
  title           = {Th1 response and systemic treg deficiency in inclusion body myositis.},
  doi             = {10.1371/journal.pone.0088788},
  issn            = {1932-6203},
  issue           = {3},
  pages           = {e88788},
  pubstate        = {epublish},
  volume          = {9},
  chemicals       = {CD28 Antigens, Chemokines, Interferon-gamma},
  citation-subset = {IM},
  completed       = {2015-02-09},
  country         = {United States},
  issn-linking    = {1932-6203},
  keywords        = {Aged; CD28 Antigens, metabolism; Case-Control Studies; Cell Lineage, immunology; Cell Polarity, immunology; Chemokines, blood; Female; Humans; Immunologic Memory; Interferon-gamma, biosynthesis; Lymphocyte Count; Male; Myositis, Inclusion Body, blood, immunology, pathology; Phenotype; T-Lymphocytes, Regulatory, immunology, pathology; Th1 Cells, immunology, pathology},
  nlm-id          = {101285081},
  owner           = {NLM},
  pii             = {PONE-D-13-38477},
  pmc             = {PMC3942319},
  pmid            = {24594700},
  pubmodel        = {Electronic-eCollection},
  revised         = {2018-11-13},
}

@Article{Hamann2017,
  author          = {Hamann, Philip D. and Roux, Benoit T. and Heward, James A. and Love, Seth and McHugh, Neil J. and Jones, Simon W. and Lindsay, Mark A.},
  date            = {2017-08},
  journaltitle    = {Sci Rep},
  title           = {Transcriptional profiling identifies differential expression of long non-coding RNAs in Jo-1 associated and inclusion body myositis.},
  doi             = {10.1038/s41598-017-08603-9},
  issn            = {2045-2322},
  issue           = {1},
  pages           = {8024},
  pubstate        = {epublish},
  volume          = {7},
  chemicals       = {Antibodies, Antinuclear, Jo-1 antibody, RNA, Long Noncoding},
  citation-subset = {IM},
  completed       = {2019-02-28},
  country         = {England},
  issn-linking    = {2045-2322},
  keywords        = {Adult; Aged; Antibodies, Antinuclear, immunology; Humans; Middle Aged; Myositis, Inclusion Body, genetics, immunology, metabolism; RNA, Long Noncoding, genetics, metabolism; Transcriptome; Up-Regulation},
  nlm-id          = {101563288},
  owner           = {NLM},
  pii             = {10.1038/s41598-017-08603-9},
  pmc             = {PMC5556005},
  pmid            = {28808260},
  pubmodel        = {Electronic},
  revised         = {2019-02-28},
}

@Article{Raju2005,
  author          = {Raju, Raghavan and Dalakas, Marinos C.},
  date            = {2005-08},
  journaltitle    = {Brain},
  title           = {Gene expression profile in the muscles of patients with inflammatory myopathies: effect of therapy with IVIg and biological validation of clinically relevant genes.},
  doi             = {10.1093/brain/awh518},
  issn            = {1460-2156},
  issue           = {Pt 8},
  pages           = {1887--1896},
  pubstate        = {ppublish},
  volume          = {128},
  chemicals       = {ANOS1 protein, human, Cell Adhesion Molecules, Chemokines, Cytokines, Extracellular Matrix Proteins, Growth Substances, Immunoglobulins, Immunoglobulins, Intravenous, Nerve Tissue Proteins},
  citation-subset = {AIM, IM},
  completed       = {2005-08-16},
  country         = {England},
  issn-linking    = {0006-8950},
  keywords        = {Adult; Aged; Cell Adhesion Molecules, genetics; Chemokines, genetics; Cytokines, genetics; Dermatomyositis, drug therapy, genetics, pathology; Down-Regulation, genetics; Extracellular Matrix Proteins, genetics; Female; Gene Expression Regulation, genetics; Growth Substances, genetics; Humans; Immunoglobulins, genetics; Immunoglobulins, Intravenous, administration & dosage; Male; Middle Aged; Muscle, Skeletal, pathology; Myositis, drug therapy, genetics, pathology; Myositis, Inclusion Body, drug therapy, genetics, pathology; Nerve Tissue Proteins, genetics; Oligonucleotide Array Sequence Analysis, methods; Polymerase Chain Reaction, methods; Statistics, Nonparametric; Up-Regulation, genetics},
  nlm-id          = {0372537},
  owner           = {NLM},
  pii             = {awh518},
  pmid            = {15857930},
  pubmodel        = {Print-Electronic},
  revised         = {2018-12-01},
}

@Article{Seyednasrollah2015,
  author          = {Seyednasrollah, Fatemeh and Laiho, Asta and Elo, Laura L.},
  date            = {2015-01},
  journaltitle    = {Briefings Bioinf},
  title           = {Comparison of software packages for detecting differential expression in RNA-seq studies.},
  doi             = {10.1093/bib/bbt086},
  issn            = {1477-4054},
  issue           = {1},
  pages           = {59--70},
  pubstate        = {ppublish},
  volume          = {16},
  citation-subset = {IM},
  completed       = {2015-10-13},
  country         = {England},
  issn-linking    = {1467-5463},
  keywords        = {Animals; Data Interpretation, Statistical; Humans; Mice; Sequence Analysis, RNA, methods; Software; Transcriptome; RNA-seq; differential expression; gene expression},
  nlm-id          = {100912837},
  owner           = {NLM},
  pii             = {bbt086},
  pmc             = {PMC4293378},
  pmid            = {24300110},
  pubmodel        = {Print-Electronic},
  revised         = {2018-11-13},
}

@Article{Hogeweg1978,
  author          = {Hogeweg, P. and Hesper, B.},
  date            = {1978},
  journaltitle    = {Comput Biol Med},
  title           = {Interactive instruction on population interactions.},
  doi             = {10.1016/0010-4825(78)90032-x},
  issn            = {0010-4825},
  issue           = {4},
  pages           = {319--327},
  pubstate        = {ppublish},
  volume          = {8},
  citation-subset = {IM, J},
  completed       = {1979-03-28},
  country         = {United States},
  issn-linking    = {0010-4825},
  keywords        = {Computers; Ecology; Eutrophication; Models, Theoretical; Population; Computer Programs And Programming; Information; Information Processing; Mathematical Model; Models, Theoretical; Organization And Administration; Population Growth; Program Design; Programs; Research Methodology},
  nlm-id          = {1250250},
  owner           = {NLM},
  pii             = {0010-4825(78)90032-X},
  pip             = {782108},
  pmid            = {729362},
  pop             = {00047522},
  pubmodel        = {Print},
  revised         = {2019-09-18},
}

@Article{Tenenbaum2016,
  author          = {Tenenbaum, Jessica D.},
  date            = {2016-02},
  journaltitle    = {Genomics Proteomics Bioinformatics},
  title           = {Translational Bioinformatics: Past, Present, and Future.},
  doi             = {10.1016/j.gpb.2016.01.003},
  issn            = {2210-3244},
  issue           = {1},
  pages           = {31--41},
  pubstate        = {ppublish},
  volume          = {14},
  chemicals       = {Biomarkers},
  citation-subset = {IM},
  completed       = {2016-10-26},
  country         = {China},
  issn-linking    = {1672-0229},
  keywords        = {Biomarkers, metabolism; Biomedical Research; Computational Biology; Databases, Factual; Genome-Wide Association Study; Genomics; Humans; Precision Medicine; Biomarkers; Genomics; Personalized medicine; Precision medicine; Translational bioinformatics},
  nlm-id          = {101197608},
  owner           = {NLM},
  pii             = {S1672-0229(16)00040-1},
  pmc             = {PMC4792852},
  pmid            = {26876718},
  pubmodel        = {Print-Electronic},
  revised         = {2018-12-02},
}

@Comment{jabref-meta: databaseType:biblatex;}
